2550 3875
954 191 1109 278 ΟᾼΡ.
1147 199 1288 245 2-4
1325 198 1356 257 ξ
1393 199 1551 246 4—9.
2153 192 2284 256 419

246 372 437 415 scens
493 355 689 436 atque
736 353 1027 416 omnium
1070 353 1679 436 praestantissimus
1727 352 1934 438 gessit
1980 357 2048 417 et
2093 354 2284 438 gerit,

246 439 413 504 haec
460 439 853 505 auctoritate
888 444 1119 505 nostra
1156 442 1664 526 comprobentur
1701 445 2287 524 veteranorumque

244 525 765 593 fortissimorum
810 529 1127 610 virorum,
1175 533 1319 592 tum
1356 529 1633 614 legionis
1671 528 1950 593 Martiae
1989 533 2284 613 quartae-

250 638 378 699 que
416 616 737 681 mirabilis
775 637 1129 681 consensus
1164 617 1245 680 ad
1270 639 1409 681 rem
1437 615 1769 700 publicam
1799 617 2282 701 reciperandam

188 730 219 769 5
250 704 441 768 laude
480 709 549 768 et
583 704 963 770 testimonio
1000 707 1229 769 nostro
1258 705 1697 788 confirmetur,
1733 727 2085 788 eorumque
2115 727 2284 771 com—

250 792 462 876 moda,
507 791 808 876 honoreS,
843 793 1153 877 praemia,
1193 815 1340 858 cum
1380 792 1676 857 consules
1715 793 2043 878 designati
2082 795 2284 878 magi-

250 884 537 945 stratum
572 880 858 965 inierint,
896 902 1086 946 curae
1132 881 1324 946 nobis
1361 881 1501 945 fore
1538 880 1853 945 hodierno
1883 881 1984 945 die
2015 882 2285 966 sponde-

251 990 455 1032 amus,
2300 1023 2344 1078 4

386 1055 605 1140 Atque
672 1077 748 1120 ea
812 1056 1101 1140 quidem,
1166 1078 1330 1140 quae
1395 1056 1528 1120 dixi
1595 1057 1672 1120 de
1734 1055 2009 1130 Caesare
2077 1057 2336 1152 dequeg

163 1171 223 1210 10
253 1144 393 1209 eius
442 1145 747 1227 exercitu,
792 1144 925 1208 iam
972 1143 1083 1208 diu
1120 1148 1282 1208 nota
1318 1150 1473 1209 sunt
1507 1145 1719 1208 nobis,
1801 1143 2070 1208 Virtute
2108 1145 2281 1209 enim

252 1232 623 1296 admirabili
654 1231 952 1298 Caesaris
982 1233 1480 1315 constantiaque
1510 1232 1798 1296 militum
1825 1236 2282 1296 veteranorum

249 1321 713 1406 legionumque
761 1343 1001 1404 earum,
1049 1342 1213 1404 quae
1252 1321 1504 1404 optimo
1541 1319 1781 1384 iudicio
1820 1320 2281 1385 auctoritatem

250 1412 557 1493 vestram,
603 1409 980 1474 libertatem
1016 1408 1245 1492 populi
1282 1407 1583 1491 Romani,
1601 1409 1942 1472 »virtutem
1983 1407 2281 1474 Caesaris

252 1501 514 1562 secutae
576 1500 755 1580 sunt,
820 1519 859 1561 a
912 1496 1272 1563 cervicibus
1327 1496 1574 1561 nostris
1631 1502 1734 1560 est
1788 1496 2096 1580 depulsus
2151 1497 2283 1561 An·

166 1609 223 1649 15
251 1586 491 1650 tonius.
586 1582 712 1649 Sed
756 1584 933 1668 haec,
978 1588 1055 1649 ut
1093 1585 1245 1668 dixi,
1293 1584 1655 1668 superiora3
1699 1584 1826 1649 hoc
1864 1606 2016 1649 vero
2055 1606 2280 1649 recens

252 1673 538 1738 edictum
592 1671 671 1737 D.
725 1672 947 1756 Bruti,
1003 1673 1177 1756 quod
1231 1672 1428 1757 paulo
1485 1676 1637 1736 ante
1691 1673 2106 1756 propositum
2161 1677 2282 1755 est,

251 1765 428 1826 certe
485 1760 748 1826 silentio
774 1780 937 1824 *non
984 1764 1209 1844 potest
1252 1760 1613 1844 praeteriri.
1704 1759 2062 1825 Pollicetur
2109 1761 2282 1824 enim

251 1871 322 1914 se
368 1848 772 1934 provinciam
820 1846 1103 1920 Galliam
1147 1852 1556 1912 retenturum
1602 1849 1670 1912 in
1719 1853 1984 1912 senatus
2030 1849 2281 1932 populi-

253 1960 379 2023 que
425 1936 706 2003 Romani
750 1940 1100 2023 potestate.
1194 1935 1247 2002 Ο
1300 1938 1506 2002 civem
1551 1941 1783 2001 natum
1827 1936 1919 2001 rei
1962 1936 2282 2021 publicae,

166 2050 224 2089 20
252 2048 608 2091 memorem
638 2026 739 2091 sui
766 2020 1051 2091 nominis
1080 2026 1609 2108 imitatoremque
1635 2026 1984 2089 maiorum!
2050 2024 2280 2108 Neque

250 2116 427 2180 enim
480 2114 834 2197 Tarquinio
899 2114 1169 2198 expulso
1233 2114 1590 2179 maioribus
1646 2114 1893 2177 nostris
1950 2117 2088 2177 tam
2152 2113 2282 2178 fuit

252 2206 483 2287 optata
561 2202 834 2267 libertas
844 2253 861 2286 ,
950 2223 1144 2285 quam
1228 2206 1331 2266 est
1412 2201 1679 2286 depulso
1771 2201 1905 2266 iam
1985 2202 2278 2266 Antonio

247 2290 591 2355 retinenda
650 2290 860 2356 nobiS.
970 2290 1078 2353 Illi
1134 2290 1399 2375 regibus
1453 2312 1683 2374 parere
1738 2289 1868 2353 iam
1925 2311 1964 2353 a
2019 2289 2278 2354 condita
2299 2303 2332 2351 9

249 2380 411 2444 urbe
450 2378 837 2464 didicerant3
871 2400 992 2443 nos
1030 2382 1184 2463 post
1220 2398 1408 2463 reges
1447 2383 1710 2443 exactos
1749 2378 2085 2442 servitutis
2120 2379 2280 2444 obli-

168 2489 223 2529 25
252 2469 359 2533 vio
426 2472 703 2551 ceperat.
804 2466 1023 2549 Atque
1086 2466 1197 2531 ille
1262 2466 1684 2550 Tarquinius,
1749 2488 1943 2550 quem
1999 2466 2278 2531 maiores

250 2555 463 2621 nostri
521 2576 655 2621 non
708 2554 1027 2637 tulerunt,
1088 2576 1221 2618 non
1278 2554 1583 2638 crudelis,
1645 2576 1779 2620 non
1832 2554 2101 2638 impius,
2166 2555 2280 2618 sed

252 2644 571 2727 superbus
628 2647 730 2707 est
783 2642 1049 2706 habitus
1106 2647 1173 2707 et
1226 2642 1467 2726 dictus;
1523 2643 1695 2727 quod
1748 2664 1869 2707 nos
1923 2642 2160 2706 vitium
2210 2642 2280 2705 in

250 2731 526 2817 privatis
582 2752 773 2813 saepe
830 2730 1127 2812 tulimus,
1181 2730 1248 2794 id
1304 2730 1582 2795 maiores
1627 2730 1839 2794 nostri
1885 2752 1966 2794 ne
2011 2730 2082 2792 in
2127 2750 2278 2813 rege

252 2821 515 2905 quidem
562 2819 733 2883 ferre
777 2822 1153 2902 potuerunt.
1242 2816 1316 2881 L.
1362 2818 1608 2883 Brutus
1655 2838 1877 2902 regem
1925 2816 2279 2899 superbum

167 2930 222 2969 30
248 2930 385 2973 non
422 2908 603 2992 tulit3
638 2905 718 2970 D.
751 2905 997 2970 Brutus
1036 2905 1425 2970 sceleratum
1462 2911 1656 2990 atque
1695 2904 1970 2988 impium
2006 2924 2277 2989 regnare

249 2996 541 3081 patietur
606 2993 1013 3059 Antonium?
1125 2994 1296 3071 Quid
1358 2993 1750 3077 Tarquinius
1826 2991 1986 3071 tale,
2059 2991 2279 3075 qualia

251 3083 755 3149 innumerabilia
819 3086 885 3146 et
939 3081 1101 3147 facit
1154 3086 1222 3148 et
1274 3082 1434 3147 fecit
1488 3080 1861 3146 Antonius?
1965 3077 2276 3144 Senatum

251 3174 453 3237 etiam
491 3192 678 3256 reges
715 3170 1075 3254 habebant3
1118 3192 1239 3235 nec
1276 3176 1494 3234 tamen
1533 3173 1608 3233 ut
1645 3167 1937 3233 Antonio
1977 3172 2276 3231 senatum

249 3262 534 3325 habente
581 3260 650 3323 in
695 3258 967 3323 consilio
1014 3258 1191 3343 regis
1235 3259 1664 3323 versabantur
1709 3255 1974 3320 barbari
2019 3257 2275 3320 armati.

168 3368 223 3409 35
254 3348 619 3413 Servabant
673 3346 963 3429 auspicia
1016 3368 1229 3431 reges3
1285 3368 1448 3430 quae
1502 3344 1610 3410 hic
1658 3344 1885 3410 consul
1941 3364 2274 3429 augurque

249 3437 569 3522 neglexit,
605 3456 813 3519 neque
852 3434 1063 3498 solum
1102 3434 1360 3519 legibus
1400 3437 1630 3500 contra
1657 3432 1948 3516 auspicia
1973 3430 2277 3515 ferendiS,

252 3528 363 3590 sed
422 3526 622 3591 etiam
678 3522 951 3608 conlega
1002 3544 1133 3587 una
1185 3522 1434 3587 ferente
1489 3544 1594 3605 e0,
1641 3542 1834 3605 quem
1879 3521 2018 3605 ipse
2067 3542 2276 3585 emen-

1845 3626 1955 3679 27*
