2550 3875
952 160 1107 215 cAP.
1146 168 1285 216 3-5
1324 168 1355 227 §e
1384 164 1584 217 7—12.
2148 162 2279 229 491

233 320 368 397 Qui
417 320 675 403 quidem
726 321 1059 387 discedens
1107 343 1363 387 mecum
1408 322 1504 387 ita
1549 316 1811 388 locutus
1858 327 1979 408 est,
2023 327 2101 387 ut
2138 325 2279 389 eius

234 408 453 473 oratio
502 431 693 473 omen
738 409 862 473 fati
908 409 1253 474 videretur.

373 495 650 562 Reddite
715 498 948 583 igitur,
1010 503 1233 597 patres
1301 498 1685 599 conscripti,
1749 498 1808 563 ei
1872 500 2107 587 vitam,
2171 501 2277 565 cui
2295 466 2368 606 ᾖ)

235 584 594 649 ademistis.
703 585 864 649 Vita
936 587 1111 649 enim
1183 590 1594 651 mortuorum
1658 586 1727 650 in
1791 550 2110 651 memoria
2172 592 2277 652 est

165 698 199 737 s
236 673 462 757 posita
506 672 822 737 vivorum.
910 672 1216 738 Perfic1te
1228 724 1244 757 ,
1296 678 1374 738 ut
1417 674 1505 757 is,
1550 695 1746 757 quem
1792 696 1909 739 vos
1954 674 2145 740 inscii
2193 676 2277 739 ad

235 765 521 825 mortem
562 761 858 843 misistiS,
906 761 1477 827 immortalitatem
1512 762 1756 827 habeat
1792 783 1833 826 a
1869 763 2077 828 vobis.
2150 760 2275 828 Cui

235 849 299 912 si
345 852 633 913 statuam
680 850 748 913 in
795 850 1029 915 rostris
1076 850 1336 915 decreto
1383 855 1604 915 vestro
1654 851 2042 936 statueritis,
2091 851 2275 915 nulla

235 937 380 1001 eius
426 936 826 1023 legationem
871 938 1282 1022 posteritatis
1331 938 1712 1003 obscurabit
1758 938 2019 1004 oblivio.
2096 938 2275 1003 Nam

234 1024 492 1109 reliqua
558 1024 693 1091 Ser.
760 1024 1010 1109 Sulpici
1082 1026 1221 1091 vita
1295 1026 1522 1090 multis
1596 1026 1724 1091 erit
1786 1026 2271 1110 praeclarisque

143 1139 206 1177 ιο
235 1114 677 1179 monumentis
715 1114 796 1177 ad
835 1135 1093 1178 omnem
1131 1114 1511 1179 memoriam
1554 1114 2023 1179 commendata.
2094 1113 2272 1180 Sem-

232 1223 354 1286 per
390 1201 568 1266 illius
607 1202 1022 1287 gravitatem,
1069 1204 1528 1286 constantiam,
1572 1203 1786 1285 fidem,
1822 1206 2272 1286 praestantem

233 1290 309 1353 in
345 1311 417 1354 re
452 1289 720 1373 publica
754 1291 995 1355 tuenda
1033 1312 1255 1355 curam
1294 1294 1488 1375 atque
1525 1291 1942 1375 prudentiam
1979 1290 2271 1355 omnium

234 1377 618 1442 mortalium
681 1377 858 1442 fama
923 1379 1299 1443 celebrabit.
1400 1377 1540 1444 Nec
1594 1400 1750 1443 vero
1807 1378 2111 1443 silebitur
2165 1379 2270 1442 ad-

235 1466 560 1541 mirabilis
609 1466 926 1550 quaedam
964 1469 1032 1530 et
1067 1467 1469 1531 incredibilis
1518 1488 1593 1531 ac
1630 1488 1836 1551 paene
1874 1466 2095 1531 divina
2131 1466 2270 1531 eius

147 1578 206 1618 ιε»
236 1555 306 1618 in
343 1553 602 1639 legibus
639 1554 1166 1639 interpretandis,
1203 1555 1533 1638 aequitate
1568 1554 1949 1639 explicanda
1977 1555 2270 1620 scientia.

238 1642 484 1706 Omnes
549 1664 629 1707 ex
684 1642 862 1707 omni
925 1646 1167 1726 aetate,
1232 1642 1344 1726 qui
1398 1642 1469 1706 in
1520 1642 1645 1707 hac
1697 1642 1963 1707 civitate
2018 1642 2271 1707 intelle-

235 1730 528 1816 gentiam
555 1730 716 1809 iutis
744 1731 1135 1814 habuerunt,
1172 1731 1229 1794 si
1257 1753 1458 1795 unum
1486 1730 1559 1794 in
1584 1730 1803 1795 locum
1832 1730 2271 1814 conferantur,

236 1841 385 1883 cum
443 1817 578 1883 Ser.
635 1817 925 1902 Sulpicio
983 1840 1118 1883 non
1173 1818 1308 1883 sint
1363 1818 1799 1901 comparandi.
1898 1818 2040 1884 Nec
2095 1820 2269 1883 enim

233 1907 349 1971 ille
395 1907 608 1992 magis
653 1906 816 1972 iuris
864 1906 1198 1973 consultus
1246 1928 1445 1990 quam
1480 1906 1775 1972 iustitiae
1812 1905 1959 1971 fuit.
2030 1906 2137 1971 Ita
2174 1928 2267 1990 ea,
2291 1921 2353 1969 11

149 2021 208 2060 20
238 2017 402 2079 quae
479 1996 1060 2079 proficiscebantur
1132 2017 1172 2059 a
1242 1995 1501 2081 legibus
1578 1999 1645 2060 et
1720 1996 1801 2059 ab
1867 1995 2007 2059 iure
2074 1995 2270 2079 civili,

237 2105 494 2166 semper
549 2083 630 2147 ad
673 2084 1063 2149 facilitatem
1111 2083 1639 2168 aequitatemque
1685 2081 2014 2148 referebat
2057 2104 2268 2167 neque

236 2172 581 2236 instituere
626 2171 846 2237 litium
893 2172 1182 2237 actiones
1223 2173 1515 2236 malebat
1554 2193 1751 2255 quam
1787 2171 2268 2236 controversias

237 2260 488 2324 tollere.
550 2259 731 2345 Ergo
768 2260 896 2325 hoc
933 2263 1190 2325 statuae
1228 2263 1653 2325 monumento
1690 2281 1825 2324 non
1862 2264 2030 2345 eget,
2064 2259 2270 2324 habet

238 2348 368 2412 alia
414 2348 677 2412 maiora.
751 2347 932 2413 Haec
977 2349 1150 2413 enim
1193 2353 1416 2412 statua
1451 2348 1686 2412 mortis
1722 2348 2035 2413 honestae
2072 2349 2266 2413 testis

154 2463 208 2502 25
237 2436 383 2520 erit,
427 2436 544 2500 illa
587 2437 903 2500 memoria
938 2437 1111 2500 vitae
1150 2436 1495 2522 gloriosae,
1539 2440 1617 2501 ut
1651 2436 1779 2502 hoc
1815 2437 2027 2522 magis
2064 2436 2271 2501 moni-

237 2530 532 2589 mentum
594 2525 770 2609 grati
836 2528 1098 2588 senatus
1163 2545 1361 2608 quam
1417 2525 1577 2589 clari
1629 2525 1755 2589 viri
1810 2524 2105 2589 futurum
2161 2524 2268 2588 sit.

236 2612 522 2676 Multum
568 2614 766 2676 etiam
813 2612 1096 2678 valuisse
1145 2613 1223 2677 ad
1270 2613 1483 2696 patris
1527 2613 1846 2677 honorem
1890 2613 2101 2696 pietas
2144 2611 2267 2674 filii
2291 2626 2356 2673 12

237 2700 591 2784 videbitur;
657 2701 767 2784 qui
831 2721 1224 2784 quamquam
1282 2701 1583 2766 adflictus
1638 2701 1823 2765 luctu
1876 2722 2009 2764 non
2065 2699 2268 2782 adest,

237 2793 458 2853 tamen
495 2789 588 2852 sic
627 2789 900 2853 animati
937 2809 1077 2853 esse
1117 2789 1388 2872 debetiS,
1434 2793 1511 2853 ut
1548 2788 1606 2853 si
1642 2788 1754 2852 ille
1793 2788 2067 2852 adesset.
2140 2787 2270 2851 Est

55 2897 60 2902 ·
159 2901 214 2941 ao
241 2880 458 2941 autem
493 2877 590 2940 ita
618 2876 930 2960 adfectus,
968 2881 1043 2941 ut
1068 2898 1259 2941 nemo
1289 2897 1603 2960 umquam
1629 2876 1805 2940 unici
1835 2874 1956 2938 filii
1985 2878 2268 2939 mortem

239 2965 450 3051 magis
499 2965 807 3048 doluerit,
854 2986 1052 3049 quam
1095 2966 1207 3029 ille
1253 2969 1503 3029 maeret
1547 2964 1775 3047 patris.
1866 2962 1958 3026 Et
2004 2963 2268 3046 quidem

240 3054 437 3118 etiam
476 3053 556 3117 ad
593 3053 837 3117 famam
876 3051 1010 3118 Ser.
1042 3051 1292 3137 Sulpici
1328 3052 1450 3117 filii
1490 3052 1775 3117 arbitror
1808 3050 2155 3136 pertinere,
2191 3056 2269 3116 ut

238 3142 532 3206 videatur
586 3142 904 3206 honorem
950 3141 1244 3206 debitum
1290 3141 1464 3225 patri
1511 3140 1937 3224 praestitisse.
2032 3139 2269 3216 Quam-

240 3251 434 3314 quam
469 3230 723 3294 nullum
759 3233 1252 3294 monumentum
1282 3229 1521 3294 clarius
1554 3227 1688 3293 Ser.
1720 3227 2048 3312 Sulpicius
2076 3228 2269 3293 relin-

161 3343 214 3385 ss
242 3339 431 3400 quere
482 3318 700 3401 potuit
746 3338 944 3402 quam
988 3316 1276 3403 effigiem
1324 3339 1579 3381 morum
1608 3323 1921 3400 suorum,
1979 3316 2268 3400 virtutis,

242 3406 669 3491 constantiae,
721 3404 1018 3490 pietatiS,
1071 3405 1321 3491 ingenii
1366 3404 1604 3489 filium,
1657 3405 1840 3470 cuius
1886 3406 2103 3470 luctus
2150 3409 2269 3470 aut

237 3492 360 3558 hoc
405 3492 651 3558 honore
697 3497 917 3558 vestro
965 3496 1080 3556 aut
1125 3493 1307 3558 nullo
1356 3492 1598 3558 solacio
1645 3493 1847 3558 levari
1893 3497 2136 3578 potest.
