2550 3875
834 164 987 220 GAP
1024 171 1200 221 s-1o
1236 172 1266 232 s
1304 173 1531 221 23-—28
2084 168 2215 232 353

187 325 488 390 adferre?
577 324 963 392 Deiotarum
1009 329 1362 392 saltantem
1410 329 1755 413 quisquam
1800 333 1915 393 aut
1962 330 2213 393 ebrium

187 411 355 479 vidit
409 415 764 498 umquam?
857 415 1096 480 Omnes
1152 417 1222 480 in
1275 417 1391 482 illo
1448 422 1601 482 sunt
1651 417 1871 502 regiae
1917 418 2213 500 virtutes,

190 503 364 587 quod
409 507 496 587 te,
542 502 798 587 Caesar,
842 505 1146 589 ignorare
1189 527 1325 570 non
1370 507 1673 591 arbitror,
1720 507 1832 570 sed
1868 506 2212 607 praecipue

191 591 545 677 singularis
581 596 648 657 et
685 592 1060 657 admiranda
1096 593 1471 678 frugalitas3
1516 594 1643 658 etsi
1676 595 1802 659 hoc
1838 595 2037 659 verbo
2077 595 2212 659 scio

134 696 164 738 ο
189 679 444 744 laudari
498 700 719 765 regem
772 702 905 745 non
961 682 1184 746 solere.
1272 681 1479 768 Frugi
1532 683 1865 747 hominem
1910 682 2035 747 dici
2081 704 2215 747 non

191 768 475 832 multum
509 769 710 832 habet
746 769 957 834 laudis
985 770 1056 834 in
1083 791 1263 855 rege;
1300 770 1557 852 fortem,
1594 771 1860 855 iustum,
1899 792 2214 849 severum,

193 878 487 942 gravem,
532 858 1047 942 magnanimum,
1092 859 1377 944 largum,
1423 859 1813 937 beneficum,
1859 859 2215 943 liberalem,

191 945 314 1009 hae
383 949 537 1010 sunt
602 947 818 1030 regiae
876 947 1126 1032 laudes,
1189 948 1305 1012 illa
1359 948 1617 1031 privata
1672 950 1790 1012 est.
1889 945 1985 1012 Ut
2039 948 2216 1012 volet

111 1138 166 1179 ‚0
531 1035 2215 1206 2220{aaerrassemeffig-

1155 1175 1172 1208 ,
2201 1175 2213 1187 .

191 1209 372 1282 Haec
418 1211 488 1273 in
531 1211 648 1275 illo
690 1215 792 1275 est
829 1212 912 1276 ab
949 1213 1212 1276 ineunte
1251 1216 1467 1276 aetate
1506 1234 1654 1276 cum
1692 1235 1731 1276 a
1769 1215 2001 1276 cuncta
2038 1209 2215 1295 Asia,

195 1320 344 1363 cum
390 1319 428 1362 a
472 1298 972 1384 magistratibus
1018 1300 1385 1385 legatisque
1431 1301 1695 1385 nostris,
1742 1304 1883 1364 tum
1920 1300 2002 1363 ab
2042 1299 2216 1382 equi·

193 1386 373 1450 tibus
419 1385 760 1470 Romanis,
812 1388 925 1472 qui
968 1388 1038 1452 in
1082 1388 1245 1453 Asia
1288 1389 1613 1473 negotiati
1660 1392 1831 1472 sunt,
1875 1391 2211 1471 perspecta

193 1479 262 1539 et
327 1474 608 1559 cognita.
703 1475 936 1540 Multis
999 1476 1112 1540 ille
1167 1477 1428 1560 quidem
1482 1476 1791 1561 gradibus
1850 1476 2216 1540 officiorum
2234 1490 2303 1540 27

114 1579 166 1621 15
193 1583 351 1648 erga
413 1584 551 1627 rem
611 1565 943 1647 publicam
1003 1568 1300 1629 nostram
1358 1565 1437 1628 ad
1461 1601 1469 1607 -
1491 1565 1615 1629 hoc
1670 1565 1925 1649 regium
1977 1586 2215 1628 nomen

194 1650 516 1736 ascendit3
562 1652 675 1716 sed
721 1655 959 1736 tamen,
1007 1653 1312 1736 quicquid
1358 1675 1398 1716 a
1442 1653 1633 1718 bellis
1671 1653 1898 1737 populi
1935 1652 2216 1717 Romani

191 1739 488 1824 vacabat,
533 1761 682 1805 cum
726 1739 1101 1806 hominibus
1146 1741 1392 1806 nostris
1440 1741 1955 1824 consuetudines,
2002 1741 2217 1805 amici-

194 1829 352 1911 tias,
407 1849 511 1892 res
567 1828 980 1913 rationesque
1035 1829 1376 1914 iungebat,
1429 1834 1505 1893 ut
1548 1851 1681 1894 non
1728 1830 1941 1893 solum
1987 1832 2218 1894 tetrar-

195 1917 348 1982 ches
392 1916 662 2002 nobilis,
715 1917 826 1982 sed
874 1918 1071 1983 etiam
1119 1917 1407 2002 optimus
1451 1922 1640 2001 pater
1685 1917 1969 1983 familias
2016 1920 2084 1981 et
2130 1917 2221 1982 di-

111 2023 167 2065 20
192 2005 672 2091 ligentissimus
737 2006 1025 2092 agricola
1089 2011 1156 2071 et
1215 2008 1560 2091 pecuarius
1622 2007 1989 2071 haberetur.
2095 2005 2217 2081 Qui

191 2094 401 2180 igitur
447 2094 818 2159 adulescens
863 2095 1149 2160 nondum
1196 2100 1384 2160 tanta
1429 2095 1641 2180 gloria
1682 2094 2015 2180 praeditus
2050 2094 2215 2159 nihil

191 2204 504 2267 umquam
556 2182 685 2247 nisi
729 2184 1134 2248 severissime
1181 2188 1249 2249 et
1296 2184 1680 2269 gravissime
1727 2183 1982 2267 fecerit,
2036 2184 2094 2247 is
2142 2204 2218 2247 ea

193 2270 676 2336 existimatione
723 2293 922 2356 eaque
969 2276 1186 2337 aetate
1233 2272 1545 2337 saltavit?
1636 2272 1911 2357 Imitari,
1964 2270 2216 2355 Castor,
2242 2246 2325 2311 10

195 2360 418 2443 potius
455 2359 559 2423 avi
596 2381 810 2424 mores
850 2360 1385 2445 disciplinamque
1424 2360 1703 2425 debebas
1738 2382 1935 2443 quam
1964 2361 2215 2444 optimo
2199 2322 2305 2387 ²⁸

115 2464 170 2509 ιδ
198 2452 267 2512 et
327 2448 688 2512 clarissimo
745 2448 886 2514 viro
939 2447 1204 2534 fugitivi
1259 2470 1369 2514 ore
1424 2450 1593 2513 male
1649 2449 1877 2514 dicere.
1974 2446 2217 2524 Quodsi

197 2536 582 2601 sffltatorem
639 2558 832 2601 avum
885 2537 1226 2601 habuisses
1281 2558 1489 2621 neque
1546 2559 1692 2601 eum
1746 2537 1985 2620 virum,
2048 2537 2217 2601 unde

194 2624 464 2709 pudoris
509 2624 986 2711 pudicitiaeque
1033 2626 1327 2710 exempla
1370 2629 1775 2710 peterentur,
1825 2629 2049 2689 tamen
2090 2625 2217 2689 hoc

197 2712 617 2777 maledictum
700 2713 966 2779 minime
1046 2713 1116 2777 in
1196 2714 1382 2778 illam
1462 2718 1745 2778 aetatem
1827 2712 2216 2778 conveniret.

199 2799 448 2877 Quibus
493 2802 605 2866 ille
653 2802 887 2866 studiis
933 2803 1016 2866 ab
1062 2802 1325 2867 ineunte
1364 2805 1577 2866 aetate
1615 2824 1683 2866 se
1719 2802 2041 2883 inbuerat,
2083 2804 2241 2864 non‘

115 2912 172 2953 so
199 2889 498 2973 saltandi,
544 2890 654 2955 sed
699 2891 864 2955 bene
908 2894 984 2955 ut
1029 2890 1246 2975 armis,
1294 2890 1537 2974 optime
1574 2894 1650 2955 ut
1687 2890 1871 2973 cquis
1908 2850 2217 2973 uteietur,

199 3000 276 3042 ea
329 2981 550 3042 tamen
603 2979 789 3042 illum
839 2983 1074 3045 cuncta
1117 2980 1251 3043 iam
1298 2983 1525 3043 exacta
1570 2981 1786 3042 aetate
1832 2976 2216 3041 defecerant.

197 3066 432 3149 Itaque
477 3065 860 3131 Deiotarum
916 3088 1064 3132 cum
1113 3068 1333 3151 plures
1380 3068 1449 3131 in
1495 3088 1732 3149 equum
1778 3064 2220 3150 sustulissent,

199 3155 373 3239 quod
416 3155 681 3219 haerere
727 3155 796 3220 in
841 3177 917 3220 eo
955 3178 1151 3221 senex
1188 3158 1433 3239 posset,
1479 3154 1783 3219 admirari
1820 3152 2219 3238 solebamus3

198 3243 308 3307 hic
372 3264 524 3308 vero
589 3244 990 3328 adulescens,
1055 3244 1166 3327 qui
1222 3265 1403 3308 meus
1458 3244 1527 3306 in
1583 3241 1812 3308 Cilicia
1866 3241 2083 3325 miles,
2146 3242 2216 3305 in

119 3353 172 3395 οε
203 3329 477 3396 Graecia
531 3332 889 3397 commilito
943 3331 1097 3415 fuit,
1153 3354 1300 3397 cum
1355 3332 1421 3395 in
1476 3332 1591 3395 illo
1646 3334 1874 3395 nostro
1931 3329 2214 3393 exercitu

201 3420 524 3503 equitaret
577 3440 725 3484 cum
780 3421 914 3485 suis
963 3420 1228 3484 delectis
1275 3420 1631 3503 equitibus,
1688 3440 1847 3502 quos
1892 3440 2023 3483 una
2069 3439 2215 3481 cum

201 3520 278 3573 eb
325 3509 406 3572 ad
441 3508 826 3591 Pompeium
861 3512 1048 3591 pater
1085 3508 1371 3593 miserat,
1417 3530 1579 3593 quos
1618 3528 1966 3574 concursus
2003 3506 2215 3573 facere

308 3618 418 3661 010.
446 3620 510 3661 11.
537 3621 576 3659 s.
1827 3615 1897 3664 23
