2550 3875
354 143 490 206 210
879 141 1025 196 PRO
1065 141 1175 197 CN.
1213 140 1526 196 PLANCIO
1566 140 1851 202 ORATIO.

355 301 622 388 ginibus
633 351 652 386 ,
709 301 822 386 qui
874 302 1253 368 nominibus
1306 303 1543 368 vestris
1589 303 1940 386 ducuntur,
1998 305 2063 366 te
2112 301 2394 366 aedilem

353 389 674 455 fecerint?
748 389 1074 474 Equidem
1125 413 1261 456 non
1317 391 1563 458 dubito.
1639 388 1767 458 Sed
1814 391 1871 454 si
1914 411 2149 474 parum
2194 391 2392 454 multi

355 481 539 565 sunt,
603 476 718 562 qui
778 478 1200 544 nobilitatem
1265 483 1514 562 ament,
1576 501 1735 544 num
1798 478 1931 542 ista
1994 482 2095 544 est
2156 483 2394 542 nostra

355 565 591 651 culpa?
672 565 942 634 Etenim
983 568 1068 632 ad
1105 572 1301 652 caput
1340 571 1406 632 et
1443 569 1525 632 ad
1561 566 1815 632 fontem
1853 565 2111 652 generis
2146 566 2392 632 utrius-

658 654 671 667 ·
2440 662 2465 702 ⁵

293 723 334 788 8
356 675 1168 827 queTxffngsazpugunioipio
1207 743 1665 827 antiquissimo
1704 741 2093 826 Tusculano,
2139 763 2220 806 ex
2258 763 2390 826 quo

271 814 336 862 19
358 833 514 894 sunt
532 831 854 914 plurimae
873 830 1166 896 familiae
1183 831 1559 896 consulares
1562 827 1681 932 ·(i·n
1699 831 1937 914 quibus
1955 834 2057 896 est
2068 830 2276 895 etiam
2286 829 2392 896 Iu-

354 915 622 1004 ventia),
642 923 764 1002 tot,
782 924 932 1000 quot
946 940 1026 983 ex
1043 919 1315 1002 reliquis
1336 919 1711 1002 municipiis
1732 918 2036 984 omnibus
2056 940 2191 983 non
2204 923 2391 1003 sunt3

352 1005 464 1071 hic
500 1009 604 1070 est
638 1029 674 1071 e
709 1006 1123 1091 praefectura
1159 1006 1419 1075 Atinati
1454 1029 1590 1072 non
1626 1011 1765 1070 tam
1800 1006 2036 1090 prisca,
2070 1028 2207 1070 non
2242 970 2391 1070 tam²

351 1094 694 1179 honorata,
738 1117 873 1160 non
918 1099 1057 1160 tam
1097 1096 1493 1160 suburbana.
1558 1093 1891 1170 Quantum
1926 1094 2243 1160 interesse
2281 1095 2383 1160 vis
2414 1121 2467 1158 ιο

355 1183 436 1246 ad
489 1183 815 1250 rationem
871 1182 1136 1267 petendi
1151 1183 1185 1247 ⁶?
1266 1182 1565 1248 Primum
1618 1186 1843 1246 utrum
1897 1183 2113 1268 magis
2166 1182 2388 1247 favere

351 1274 550 1354 putas
577 1270 873 1336 Atinatis
909 1293 996 1336 an
1021 1271 1427 1336 Tusculanos
1466 1271 1647 1336 suis?
1724 1270 1940 1334 Alteri
1977 1270 2172 1354 (scire
2210 1271 2389 1334 enim

351 1359 479 1424 hoc
541 1362 814 1443 propter
876 1359 1287 1424 vicinitatem
1350 1358 1543 1424 facile
1596 1356 1922 1444 possum),
1986 1381 2135 1424 cum
2188 1359 2387 1423 huius

354 1447 760 1512 ornatissimi
807 1450 1005 1531 atque
1051 1446 1289 1531 optimi
1333 1447 1486 1529 viri,
1542 1446 1657 1512 On.
1706 1444 2071 1529 Saturnini,
2126 1451 2387 1531 patrem

353 1535 655 1617 aedilem,
721 1557 870 1600 cum
924 1539 1297 1618 praetorem
1349 1535 1678 1619 viderunt,
1735 1535 1909 1618 quod
1960 1534 2213 1618 primus
2269 1535 2383 1598 ille
2417 1557 2467 1596 15

350 1644 487 1686 non
521 1621 716 1686 modo
753 1623 824 1688 in
861 1645 1005 1687 eam
1041 1622 1380 1706 familiam,
1420 1623 1533 1688 sed
1568 1623 1769 1687 etiam
1805 1623 1877 1686 in
1901 1621 2387 1706 praefecturam

351 1710 538 1774 illam
581 1711 813 1774 sellam
859 1711 1150 1776 curulem
1197 1711 1551 1794 attulisset,
1598 1711 1967 1775 mirandum
2010 1711 2081 1774 in
2116 1710 2387 1777 modum

351 1798 583 1862 laetati
629 1802 812 1883 sunt3
867 1799 1114 1864 alteros
1159 1796 1405 1884 (credo,
1466 1798 1622 1883 quia
1666 1797 1982 1864 refertum
2028 1803 2133 1862 est
2176 1800 2385 1864 muni-

352 1886 594 1971 cipium
655 1887 1134 1971 consularibus3
1195 1909 1352 1952 nam
1408 1887 1755 1952 malivolos
1809 1908 1945 1951 non
2000 1907 2143 1951 esse
2200 1892 2381 1955 certo

351 1971 517 2060 scio)
582 1997 942 2059 numquam
995 1975 1291 2041 intellexi
1344 1975 1793 2041 vehementius
1850 1996 2119 2039 suorum
2174 1977 2381 2043 muni-
2411 1999 2461 2037 20

262 2078 332 2127 20
353 2063 572 2147 cipum
597 2063 844 2128 honore
873 2064 1124 2129 laetari.
1180 2062 1519 2129 Habemus
1546 2064 1674 2129 hoc
1700 2084 1841 2146 nos,
1867 2063 2117 2128 habent
2150 2068 2383 2129 nostra

352 2150 724 2235 municipia.
809 2150 978 2227 Quid
1035 2172 1158 2237 ego
1217 2152 1295 2216 de
1351 2174 1482 2235 me,
1538 2152 1616 2216 de
1660 2150 1864 2215 fratre
1910 2173 2057 2215 meo
2103 2152 2381 2235 loquar?

352 2260 630 2323 quorum
683 2240 1044 2305 honoribus
1101 2240 1246 2324 agri
1300 2239 1429 2323 ipsi
1485 2261 1688 2323 prope
1734 2238 1947 2304 dicam
1994 2244 2382 2323 montesque

349 2326 670 2391 faverunt.
751 2326 929 2393 Num
977 2328 1232 2413 quando
1279 2328 1460 2392 vides
1498 2327 1941 2395 Tusculanum
1978 2328 2265 2411 aliquem
2303 2330 2381 2393 de

349 2413 438 2479 M.
487 2412 737 2480 Catone
791 2415 907 2480 illo
953 2415 1025 2479 in
1071 2415 1249 2480 omni
1287 2416 1533 2480 virtute
1578 2415 1901 2500 principe,
1952 2438 2113 2481 num
2158 2415 2235 2480 de
2282 2416 2381 2480 Ti.
2410 2444 2464 2485 25

351 2501 760 2570 Coruncanio
798 2503 1125 2588 municipe
1163 2525 1304 2586 suo,
1339 2526 1499 2604 num
1534 2502 1615 2569 de
1650 2507 1755 2569 tot
1782 2466 2033 2568 Fulviis
2062 2503 2382 2588 gloriari?

348 2589 646 2656 Verbum
698 2612 890 2655 nemo
945 2590 1124 2657 facit.
1209 2590 1305 2656 At
1359 2591 1429 2655 in
1475 2613 1945 2676 quemcumque
1990 2590 2384 2675 Arpinatem

346 2677 672 2763 incideris,
719 2680 980 2745 etiamsi
1024 2680 1217 2764 nolis,
1263 2678 1390 2743 erit
1436 2682 1658 2744 tamen
1693 2679 1820 2744 tibi
1857 2678 2141 2743 fortasse
2179 2681 2385 2745 etiam

349 2767 428 2831 de
480 2766 675 2831 nobis
731 2767 1004 2851 aliquid,
1061 2768 1175 2832 sed
1230 2771 1406 2832 certe
1461 2768 1539 2831 de
1587 2766 1655 2833 G.
1702 2766 1913 2833 Mario
1972 2768 2383 2833 audiendum.

347 2853 644 2921 Primum
688 2853 896 2940 igitur
939 2855 1050 2920 hic
1093 2855 1331 2919 habuit
1377 2856 1595 2919 studia
1638 2877 1907 2919 suorum
1942 2856 2258 2939 ardentia,
2304 2861 2378 2921 tu
2410 2886 2463 2925 30

349 2946 564 3026 tanta,
622 2947 869 3026 quanta
921 2942 992 3007 in
1043 2943 1423 3007 hominibus
1477 2944 1611 3009 iam
1658 2943 1973 3008 saturatis
2017 2943 2383 3010 honoribus

257 3042 326 3091 21
349 3052 490 3096 esse
527 3034 905 3114 potuerunt.
966 3030 1217 3096 Deinde
1254 3031 1357 3094 tui
1392 3031 1751 3116 municipes
1790 3035 1946 3095 sunt
1979 3031 2080 3095 illi
2119 3032 2385 3115 quidem

346 3118 861 3203 splendidissimi
886 3118 1206 3201 homines,
1243 3120 1359 3183 sed
1387 3122 1609 3183 tamen
1633 3119 1845 3203 pauci,
1880 3119 2204 3204 siquidem
2232 3142 2385 3185 cum

345 3204 732 3271 Atinatibus
783 3206 1229 3291 conferantur3
1272 3206 1469 3271 huius
1515 3206 1929 3291 praefectura
1972 3208 2169 3291 plena
2213 3208 2382 3273 viro-

345 3314 494 3357 rum
527 3292 1059 3377 fortissimorum,
1097 3294 1192 3357 sic
1227 3298 1307 3358 ut
1341 3295 1523 3359 nulla
1560 3298 1705 3358 tota
1741 3294 1941 3359 Italia
1970 3294 2380 3379 frequentior
2406 3324 2461 3363 35

345 3380 476 3443 dici
520 3381 765 3465 possit3
813 3403 1010 3465 quam
1055 3381 1318 3465 quidem
1362 3403 1536 3446 nunc
1584 3382 2076 3447 multitudinem
2124 3384 2381 3467 videtis,

344 3467 612 3543 iudiceS,
657 3467 728 3531 in
773 3468 1077 3550 squalore
1123 3472 1193 3531 et
1237 3469 1420 3534 luctu
1468 3470 1828 3555 supplicem
1868 3471 2073 3535 vobiS.
2147 3470 2237 3535 Hi
2276 3476 2383 3537 tot
