2550 3875
875 565 968 640 M.
1026 563 1313 637 TULLI
1367 557 1867 636 CICERONIS

353 749 467 835 IN
537 749 642 835 M.
713 745 1268 833 ANTONIUM
1332 742 1713 828 ORATIO
1776 737 2409 826 PHILIPPICA

1118 900 1619 990 SECUNDA.

1075 1199 1661 1261 ARGUMENTUM.

501 1355 642 1412 Cum
676 1353 752 1408 M.
793 1351 983 1408 Cicero
1021 1352 1367 1433 superiorem
1404 1348 1718 1406 orationem
1752 1347 2061 1419 habuisset,
2098 1347 2175 1405 M.
2214 1347 2407 1404 Anto·

357 1427 486 1482 nius
523 1427 583 1480 in
617 1424 816 1480 villam
851 1421 1207 1479 Tiburtinam
1257 1439 1317 1477 se
1355 1419 1611 1490 contulit,
1647 1422 1731 1489 ut,
1769 1419 1907 1488 quid
1944 1420 2271 1475 adversario
2312 1436 2405 1476 re-

359 1496 679 1568 sponderet,
717 1495 1203 1561 commentaretur,
1242 1509 1355 1561 qua
1389 1492 1451 1546 in
1486 1509 1546 1546 re
1592 1491 1964 1618 conffiiinogsiililzs
1986 1490 2405 1632 sfftffssffiffi

359 1567 496 1706 giieis
511 1565 766 1690 ἱιιΑιιθῗὶο
783 1511 1561 1703 xgffnffiffiggazgeetggffi’
1580 1563 1784 1690 Mvenit
1838 1632 2070 1688 armatis
2126 1636 2398 1705 stipatus,

362 1704 1342 1833 ‘cfflovffintffisssssst’essfftme‘ffffissfiff
1377 1679 2005 1844 32²3?ssssssssssth
2007 1705 2400 1832 οέιῖϋίὶωοὲιῗῖ

362 1850 579 1903 sentem
642 1848 1004 1903 acerbissima
1069 1847 1326 1902 oratione
1388 1846 1643 1902 invectus
1704 1848 1829 1902 erat
1890 1847 2185 1903 Antonius.
2290 1847 2399 1903 Cui

363 1916 606 1975 orationi
643 1918 952 1975 adversarii
988 1917 1078 1973 sui
1116 1917 1309 1975 Cicero
1345 1918 1452 1973 hac
1491 1918 1702 1988 scripta
1738 1917 2019 1987 oratione,
2059 1933 2205 1987 quae
2242 1917 2398 1975 infra

359 1990 596 2061 legitur,
631 1990 960 2071 respondet,
998 2006 1169 2059 quam
1203 1990 1371 2059 fingit
1406 2005 1441 2043 a
1476 2005 1537 2043 se
1573 1990 1829 2044 habitam
1864 1989 1975 2057 ita,
2010 1992 2308 2059 tamquam
2344 1991 2396 2046 si

356 2077 627 2128 praesens
661 2060 949 2132 praesenti
986 2061 1368 2131 responderet.

313 2464 342 2513 1
500 2416 804 2493 Quonam
847 2438 991 2482 meo
1038 2416 1206 2500 fato,
1260 2420 1483 2500 patres
1531 2416 1912 2503 conscripti,
1965 2417 2111 2483 fieri
2156 2418 2394 2505 dicam,

361 2507 439 2569 ut
491 2525 682 2569 nemo
737 2504 841 2569 his
897 2505 1082 2569 annis
1138 2505 1375 2591 viginti
1426 2504 1521 2570 rei
1564 2506 1865 2590 publicae
1908 2505 2112 2571 fuerit
2154 2507 2394 2593 hostis,

363 2592 477 2676 qui
512 2614 645 2657 non
680 2593 927 2658 bellum
964 2594 1190 2659 eodem
1225 2598 1520 2678 tempore
1558 2593 1721 2658 mihi
1746 2614 2007 2679 quoque
2034 2594 2391 2660 indixerit?

362 2678 502 2746 Nec
574 2702 728 2745 vero
801 2703 1064 2747 necesse
1137 2686 1240 2746 est
1301 2702 1697 2767 quemquam
1762 2704 1801 2746 a
1864 2702 1969 2747 me
2031 2683 2389 2769 nominari3

361 2768 700 2834 vobiscum
744 2770 874 2853 ipsi
919 2770 1364 2836 recordamini.
1456 2770 1623 2835 Mihi
1667 2792 2026 2855 poenarum
2070 2771 2172 2835 illi
2217 2772 2388 2857 plus,
2442 2800 2468 2841 ⁵

363 2879 559 2941 quam
607 2861 932 2942 optaram,
987 2858 1329 2943 dederunt3
1381 2862 1450 2924 te
1498 2859 1727 2943 miror,
1781 2858 2059 2944 Antoni,
2107 2880 2388 2944 quorum

359 2945 540 3010 facta
580 2945 857 3031 imitere,
903 2967 1127 3012 eorum
1165 2947 1379 3011 exitus
1414 2968 1548 3014 non
1582 2947 2091 3049 perhorrescere.
2164 2947 2385 3033 Atque

361 3032 487 3098 hoc
531 3033 602 3098 in
647 3034 793 3098 aliis
839 3034 1054 3099 minus
1100 3035 1404 3100 mirabar.
1477 3034 1689 3101 Nemo
1738 3035 1911 3101 enim
1956 3036 2222 3101 illorum
2268 3036 2385 3102 ini-

361 3120 567 3186 micus
613 3122 775 3187 mihi
819 3122 949 3187 fuit
993 3123 1420 3207 voluntarius,
1468 3146 1691 3189 omnes
1738 3145 1777 3189 a
1813 3146 1917 3189 me
1952 3124 2048 3189 rei
2084 3123 2383 3208 publicae

362 3229 559 3273 causa
619 3210 926 3275 lacessiti.
1035 3211 1136 3275 Tu
1196 3233 1278 3277 ne
1342 3212 1542 3277 verbo
1607 3212 1869 3296 quidem
1932 3213 2245 3298 violatus,
2310 3217 2383 3279 ut
2409 3240 2459 3280 ιο

363 3295 669 3360 audacior
715 3320 910 3382 quam
957 3298 1256 3382 Catilina,
1303 3299 1613 3365 furiosior
1660 3321 1857 3384 quam
1903 3299 2169 3367 Clodius
2215 3301 2383 3366 vide-

362 3403 529 3466 rere,
592 3383 768 3449 ultro
833 3407 935 3450 me
998 3386 1365 3451 maledictis
1426 3387 1751 3452 lacessisti
1816 3393 2126 3472 tuamque
2187 3410 2228 3453 a
2280 3411 2383 3455 me

353 3467 821 3536 alienationem
860 3473 1486 3539 commendationem
1522 3474 1648 3539 tibi
1677 3476 1805 3540 ad
1787 3476 2024 3559 impios
2054 3477 2215 3541 civis
2246 3476 2383 3542 fore
