2550 3875
805 185 958 241 cAP.
1003 191 1205 240 19—21
1251 192 1283 252 s
1323 192 1549 242 50-56,
2061 187 2191 252 301

153 353 310 414 uter
367 352 540 414 esset
600 347 973 432 insidiator,
1028 353 1176 413 uter
1219 348 1386 413 nihil
1433 349 1757 434 cogitaret
1805 349 1990 434 mali,
2046 369 2195 414 cum

160 438 333 502 alter
408 435 752 502 veheretur
831 437 902 501 in
981 437 1176 502 raeda
1241 437 1659 521 paenulatus,
1731 459 1864 502 una
1942 438 2197 502 sederet

158 522 1865 698 ξοῖθὴῑηιὲἓᾶὲοξὲἓθεῖοἶηῖἓΡἙξὲῗωῗῗώ
1913 526 2196 679 {33:³33

101 718 132 759 ⁶
163 723 473 788 pugnam,
519 721 666 767 cum
702 701 981 784 paenula
1015 701 1340 785 inretitus,
1380 702 1576 766 raeda
1611 637 1958 787 ingedittlis,
1993 724 2196 768 uxore

162 811 368 876 paene
425 789 821 855 constrictus
875 790 1093 855 esset?
1175 789 1412 854 Videte
1458 811 1631 856 nunc
1674 790 1866 855 illum
1907 791 2195 891 primum

164 877 606 964 egredientem
688 899 723 942 e
803 877 967 942 villa
1045 877 1264 943 subito
1350 875 1591 963 (cust),
1672 879 1927 963 vesperi
2010 877 2195 964 (quid

161 987 428 1032 necesse
474 963 668 1050 est?),
713 965 898 1030 tarde
945 964 1086 1050 (qui
1133 966 1455 1050 convenit,
1498 967 1888 1082 praesertim
1933 966 2001 1031 id
2038 970 2195 1032 tem·

80 1161 138 1200 ,ο
162 1054 459 1207 &33322
529 1053 854 1206 ἓὲἶεῗὲῗ
888 1053 967 1206 Ῑέἰ
1011 1053 1575 1208 {1113me
1626 1053 2198 1226 vfiffflsslmpss

165 1230 492 1314 spiceret?
591 1228 852 1294 Miliens
925 1229 997 1294 in
1067 1251 1146 1294 ea
1207 1229 1441 1295 fuerat.
1553 1229 1724 1307 Quid
1788 1250 1945 1316 ergo
2012 1230 2198 1295 erat?

162 1317 389 1384 Morae
453 1322 523 1382 et
585 1317 1189 1404 tergiversationes3
1252 1318 1408 1383 dum
1468 1317 1579 1385 hic
1639 1316 1918 1402 veniret,
1980 1317 2201 1384 locum

163 1407 530 1491 relinquere
575 1405 808 1471 noluit.
2219 1450 2299 1514 21

298 1495 446 1580 Age
499 1516 670 1560 nunc
725 1494 854 1559 iter
909 1494 1193 1579 expediti
1246 1494 1525 1560 latronis
1584 1516 1733 1560 cum
1786 1493 2054 1559 Milonis
2104 1494 2198 1559 in·
2218 1539 2287 1589 55

83 1598 140 1640 15
165 1582 560 1684 pedimentis
606 1586 998 1666 comparate.
1075 1581 1347 1684 Semper
1390 1582 1504 1647 ille
1550 1587 1743 1648 antea
1790 1604 1939 1648 cum
1978 1603 2197 1667 uxore,

165 1675 311 1736 tum
367 1671 506 1736 sine
563 1692 666 1755 ea3
717 1691 1076 1755 numquam
1130 1671 1261 1736 nisi
1305 1671 1377 1735 in
1420 1672 1642 1755 raeda,
1696 1674 1841 1735 tum
1885 1671 1957 1735 in
2001 1692 2199 1755 equ03

167 1758 443 1824 comites
481 1757 802 1842 Graeculi,
840 1779 1249 1843 quocumque
1277 1759 1438 1844 ibat,
1476 1759 1677 1824 etiam
1706 1780 1855 1825 cum
1882 1757 1953 1823 in
1980 1763 2199 1824 castra

165 1847 452 1912 Etrusca
497 1846 922 1947 properabat,
971 1850 1114 1912 tum
1159 1868 1485 1932 nugarum
1531 1847 1601 1912 in
1648 1847 1967 1912 comitatu
2010 1847 2199 1911 nihil.

167 1934 360 2037 Milo,
414 1935 529 2020 qui
577 1958 962 2020 numquam,
1016 1940 1162 2001 tum
1207 1958 1364 2002 casu
1408 1956 1647 2021 pueros
1694 1934 2197 2020 symphoniacos

89 2042 141 2081 2⁰
165 2024 392 2090 uxoris
435 2024 714 2089 ducebat
751 2028 819 2089 et
855 2024 1239 2089 ancillarum
1275 2044 1530 2111 greges.
1602 2023 1744 2109 Ille,
1791 2024 1903 2108 qui
1942 2045 2199 2108 semper

167 2134 391 2179 secum
439 2117 675 2214 scorta,
723 2134 981 2197 semper
1025 2113 1337 2197 exoletos,
1382 2134 1638 2197 semper
1682 2111 1873 2195 lupas
1915 2111 2197 2196 duceret,

164 2206 311 2266 tum
347 2200 694 2284 neminem,
728 2200 857 2265 nisi
894 2204 970 2265 ut
1006 2201 1218 2266 virum
1253 2222 1294 2265 a
1319 2200 1459 2266 viro
1487 2201 1734 2266 lectum
1762 2220 1904 2265 esse
1933 2199 2197 2266 diceres.

167 2288 302 2355 Cur
365 2288 571 2375 igitur
635 2252 848 2353 victus
913 2289 1059 2354 est?
1155 2288 1323 2365 Quia
1384 2310 1518 2353 non
1580 2309 1851 2373 semper
1889 2288 2106 2353 viator
2159 2310 2199 2354 a

164 2378 442 2461 latrone,
476 2398 612 2441 non
645 2398 1004 2461 numquam
1041 2376 1240 2442 etiam
1277 2378 1450 2441 latro
1489 2399 1528 2442 a
1562 2377 1818 2442 viatore
1852 2377 2193 2462 occiditur3

86 2486 138 2525 25
169 2466 341 2550 quia,
380 2487 774 2550 quamquam
809 2466 1126 2567 paratus
1107 2488 1178 2530 111
1203 2466 1564 2549 imparatos
1596 2463 1939 2549 [Clodius],
1975 2428 2199 2532 tameii

167 2554 406 2619 mulier
450 2554 769 2618 inciderat
813 2554 884 2618 in
926 2554 1122 2619 viros.
1195 2551 1337 2618 Nec
1382 2574 1535 2618 vero
1576 2554 1670 2618 sic
1706 2556 1849 2618 erat
1884 2575 2196 2637 umquam
2216 2572 2285 2622 56

166 2664 304 2709 non
337 2647 609 2726 paratus
646 2640 809 2706 Milo
850 2646 1080 2707 contra
1115 2641 1323 2725 illum,
1367 2645 1445 2706 ut
1479 2663 1615 2707 non
1652 2642 1813 2706 satis
1850 2640 1986 2706 fere
2024 2651 2199 2706 esset

165 2734 456 2832 paratus.
532 2728 801 2815 Semper
841 2729 1028 2813 [ille],
1066 2734 1132 2794 et
1170 2733 1489 2814 quantum
1524 2730 1874 2795 interesset
1908 2728 1980 2793 P.
2009 2727 2198 2795 Clodi

170 2840 240 2885 se
295 2820 537 2905 perire,
591 2823 659 2883 et
715 2823 959 2903 quanto
1007 2818 1108 2882 illi
1154 2818 1304 2883 odio
1352 2822 1579 2903 esset,
1606 2823 1675 2883 et
1721 2821 2039 2902 quantum
2083 2815 2197 2879 ille

87 2933 142 2973 σο
170 2907 456 2991 auderet,
503 2906 859 3009 cogitabat.
934 2905 1145 2983 Quam
1193 2907 1277 2971 ob
1325 2928 1464 2971 rem
1506 2905 1712 2971 vitam
1750 2926 1954 2988 suam,
2001 2923 2198 2987 quam

168 2996 469 3060 maximis
516 2995 824 3079 praemiis
871 2995 1278 3079 propositam
1326 2999 1394 3059 et
1438 3016 1641 3079 paene
1680 2993 2005 3061 addictam
2044 2990 2200 3055 scie·

167 3084 314 3169 bat,
377 3105 734 3168 numquam
798 3083 870 3148 in
929 3083 1295 3169 periculum
1360 3083 1499 3148 sine
1553 3080 1879 3166 praesidio
1936 3082 2006 3143 et
2058 3078 2198 3143 sine

168 3173 468 3239 custodia
510 3172 893 3256 proiciebat.
963 3171 1149 3236 Adde
1197 3192 1405 3256 casus,
1451 3171 1612 3236 adde
1657 3169 1943 3234 incertos
1986 3166 2199 3231 exitus

166 3282 540 3362 pugnarum
559 3259 966 3345 Martemque
996 3281 1425 3343 communem,
1454 3259 1567 3343 qui
1596 3278 1787 3342 saepe
1808 3254 2201 3341 spoliantem

93 3372 144 3415 15
169 3350 302 3415 iam
347 3353 418 3414 et
463 3348 865 3414 exultantem
901 3349 1141 3414 evertit
1177 3352 1244 3411 et
1281 3346 1563 3431 perculit
1595 3346 1677 3411 ab
1717 3344 1992 3427 abiecto,
2039 3341 2200 3407 adde

169 3437 502 3503 inscitiam
535 3438 777 3522 pransi,
812 3437 976 3521 poti,
1014 3436 1359 3501 oscitantis
1387 3434 1588 3518 ducis,
1628 3434 1769 3534 qui·
1770 3456 1917 3499 cum
1946 3453 1985 3496 a
2012 3435 2201 3514 tergo

168 3526 433 3592 hostem
477 3526 908 3592 interclusum
953 3524 1344 3609 reliquisset,
1389 3522 1555 3587 nihil
1597 3521 1675 3587 de
1715 3522 1853 3587 eius
1892 3519 2203 3585 extremis
