2550 3875
731 165 883 221 cAP.
925 172 1136 221 36—39
1181 171 1211 232 ς
1251 171 1485 222 09-93.
1994 165 2127 229 239

111 329 198 393 tis
233 327 541 410 cupiditas
580 349 728 392 mea
764 328 1022 411 turpior
1055 327 1295 394 fuisset
1332 351 1481 394 cum
1507 328 1793 414 pernicie
1822 326 2129 393 civitatis.

237 414 400 480 Nam
445 416 620 499 quod
664 420 732 480 te
769 437 911 481 esse
946 417 1018 481 in
1054 438 1124 481 re
1159 416 1427 500 publica
1462 417 1745 482 liberum
1782 438 1851 481 es
1891 416 2128 502 gloria-
2148 424 2214 473 91

108 509 239 587 tue,
288 503 350 567 id
404 524 526 589 ego
583 507 651 568 et
694 503 911 569 fateor
965 507 1034 569 et
1087 505 1302 570 laetor
1351 509 1421 570 et
1466 505 1591 570 tibi
1640 504 1842 569 etiam
1886 505 1957 570 in
2000 504 2127 570 1100

111 591 420 679 gratulor;
453 592 631 676 quod
667 614 772 657 me
810 595 1031 657 autem
1062 592 1343 678 negasti,
1378 593 1451 657 in
1478 615 1555 658 00
1581 614 1794 677 neque
1823 597 1890 657 te
1914 614 2127 677 neque

49 699 78 740 5
111 701 490 765 quemquam
527 679 774 745 diutius
809 681 1029 765 patiar
1066 702 1301 746 errare.
1372 679 1566 766 Nam,
1604 682 1661 746 si
1700 680 1845 765 quis
1883 681 2125 746 idcirco
2147 677 2231 743 38

104 769 340 852 aliquid
384 769 464 833 de
509 768 820 833 libertate
867 790 1012 834 mea
1057 769 1469 834 deminutum
1514 774 1727 854 putat,
1775 769 1950 852 quod
1992 791 2129 835 non

101 859 185 922 ab
223 856 515 922 omnibus
552 856 814 940 eisdem,
852 879 892 922 a
930 857 1167 941 quibus
1206 862 1403 923 antea
1439 858 1674 923 solitus
1705 879 1851 923 sum
1879 858 2126 922 dissen-

100 947 244 1028 tire,
290 944 692 1030 dissentiam,
736 945 1044 1030 primum,
1089 945 1147 1010 si
1192 946 1359 1011 bene
1404 948 1483 1010 de
1530 968 1635 1011 me
1680 945 1935 1010 meritis
1983 967 2128 1031 gra-

99 1038 241 1097 tum
267 1055 365 1097 me
388 1033 689 1133 praebeo,
716 1055 851 1098 non
876 1055 1106 1099 recuso
1135 1033 1465 1099 incurrere
1484 1034 1557 1099 in
1574 1034 1821 1100 crimen
1837 1033 2125 1100 hominis

49 1141 68 1180 1
96 1121 368 1186 nimium
394 1121 704 1186 memoris
731 1121 1138 1205 nimiumque
1167 1121 1371 1208 grati3
1400 1122 1504 1187 sin
1530 1125 1752 1188 autem
1776 1122 2125 1206 aliquando

96 1209 234 1275 sine
260 1209 393 1274 ullo
421 1209 519 1274 rei
545 1208 849 1293 publicae
876 1210 1273 1275 detrimento
1304 1211 1583 1294 respicio
1614 1211 1817 1275 etiam
1846 1211 2127 1275 salutem

93 1320 243 1364 cum
294 1319 536 1380 meam,
591 1300 736 1361 tum
783 1319 1106 1382 meorum,
1161 1302 1339 1364 certe
1382 1321 1517 1364 non
1561 1299 1755 1364 modo
1799 1320 1937 1364 non
1980 1320 2127 1363 sum

90 1385 687 1470 reprehendendus,
733 1386 848 1450 sed
893 1386 1112 1470 etiam,
1159 1386 1218 1451 si
1263 1409 1450 1452 ruere
1497 1388 1750 1471 vellem,
1796 1386 1957 1452 boni
2000 1387 2126 1451 viri

89 1497 215 1558 me,
258 1477 334 1538 ut
377 1472 447 1538 id
495 1494 577 1538 ne
613 1473 914 1557 facerem,
959 1479 1299 1560 rogarent3
1335 1497 1439 1541 res
1472 1497 1625 1541 vero
1663 1476 1809 1561 ipsa
1843 1474 2125 1576 publica,
2146 1491 2213 1539 92

49 1563 156 1628 si
189 1526 372 1646 loqui
405 1565 653 1646 posset,
691 1566 917 1647 ageret
954 1584 1227 1648 mecum,
1263 1568 1357 1648 ut,
1396 1563 1705 1648 quoniam
1738 1564 1867 1628 sibi
1897 1563 2129 1628 servis-

88 1672 234 1715 sem
290 1671 574 1734 semper,
627 1671 986 1734 numquam
1041 1651 1232 1736 mihi,
1284 1651 1539 1717 fructus
1590 1656 1813 1716 autem
1860 1673 1939 1716 ex
1985 1673 2127 1717 sese

83 1760 243 1822 non,
292 1740 366 1801 ut
403 1738 826 1822 oportuisset,
871 1739 1082 1804 laetos
1121 1743 1189 1804 et
1222 1740 1479 1841 ubereS,
1523 1741 1637 1804 sed
1674 1761 1917 1826 magna
1954 1761 2128 1806 acer-

83 1826 302 1890 bitate
347 1826 711 1909 permixtos
753 1827 1072 1911 tulissem,
1116 1832 1195 1892 ut
1229 1828 1365 1892 iam
1400 1829 1565 1892 mihi
1603 1829 1932 1912 servirem,
1980 1851 2127 1894 con-

84 1915 375 1981 sulerem
429 1914 622 2001 11101ος
675 1936 746 1981 se
799 1936 935 1981 non
988 1915 1182 1982 modo
1241 1917 1405 1983 satis
1450 1917 1694 1983 habere
1741 1940 1782 1981 a
1826 1940 1957 2000 me,
2012 1917 2123 1982 sed

82 2004 294 2069 etiam
343 2004 581 2087 vereri,
633 2026 716 2069 ne
761 2027 996 2089 parum
1042 2004 1207 2070 mihi
1251 2027 1371 2089 pro
1420 2028 1525 2090 00,
1573 2010 1892 2089 quantum
1938 2027 1977 2069 a
2022 2027 2127 2069 me

75 2092 382 2176 haberet,
417 2092 824 2158 reddidisset.
907 2092 1134 2168 Quid?
1170 2094 1229 2157 si
1263 2094 1502 2159 horum
1538 2114 1662 2179 ego
1698 2094 1866 2158 nihil
1905 2094 2125 2179 cogito
2146 2108 2215 2157 93

75 2184 153 2245 et
199 2180 378 2244 idem
425 2202 571 2245 sum
615 2181 688 2245 in
732 2203 802 2246 re
846 2180 1138 2265 publica,
1186 2182 1299 2266 qui
1344 2181 1443 2246 fui
1490 2203 1773 2267 semper,
1820 2185 2126 2247 tamenne

73 2269 472 2333 libertatem
524 2269 818 2351 requires
873 2270 1132 2333 meam?
1189 2291 1387 2353 quam
1432 2274 1507 2335 tu
1552 2270 1744 2353 ponis
1790 2269 1863 2334 in
1906 2291 2012 2354 eo,
2069 2272 2127 2334 si

74 2378 350 2439 semper
413 2378 562 2422 cum
626 2358 735 2441 iis,
800 2357 1191 2442 quibuscum
1245 2357 1597 2442 aliquando
1655 2357 2127 2442 contendimuS,

71 2446 558 2529 depugnemus.
625 2444 814 2521 Quod
851 2448 954 2511 est
981 2445 1176 2531 longe
1205 2466 1413 2511 secus·
1476 2444 1666 2512 Stare
1696 2446 1871 2511 enim
1900 2468 2126 2511 omnes

70 2533 405 2598 debemus
460 2536 800 2616 tamquam
853 2533 925 2597 10
981 2534 1139 2598 orbe
1195 2534 1418 2618 aliquo
1474 2535 1569 2599 rei
1622 2534 1952 2619 publicae,
2012 2536 2126 2618 qui

69 2620 406 2705 quoniam
451 2624 768 2704 versatur,
815 2642 960 2686 eam
1006 2621 1292 2707 deligere
1328 2626 1605 2707 partem,
1650 2623 1732 2687 ad
1771 2645 1969 2707 quam
2003 2644 2125 2687 nos

59 2709 266 2775 illius
317 2708 575 2773 utilitas
623 2709 932 2793 salusque
979 2710 1393 2774 converterit.

217 2796 374 2881 Ego
445 2800 668 2861 autem
733 2795 848 2863 Cn.
911 2797 1300 2881 Pompeium
1360 2820 1498 2864 000
1561 2798 1705 2864 dico
1770 2803 2126 2881 auctorem,
2145 2791 2230 2857 39

61 2887 352 2967 ducem,
408 2884 813 2951 defensorem
868 2886 1102 2950 salutis
1149 2908 1334 2952 meae
1382 2885 1563 2974 (nam
1606 2887 1769 2952 haec
1813 2886 2127 2970 privatim

56 2935 376 3039 fortass'e
434 2972 800 3039 officiorum
855 2974 1240 3039 memoriam
1296 2979 1364 3039 et
1402 2974 1703 3076 gratiam
1754 2970 2127 3059 quaerunt),

57 3063 193 3127 sed
243 3061 397 3126 (1100
443 3061 596 3145 1100,
650 3062 823 3146 quod
869 3063 952 3127 ad
997 3062 1279 3127 salutem
1325 3064 1421 3129 rei
1430 3063 1764 3164 ‘publicae
1810 3061 2127 3145 pertinet.

53 3150 228 3235 Ego
283 3171 438 3213 eum
481 3172 617 3217 non
659 3154 865 3235 tuear,
913 3172 1107 3235 quem
1153 3173 1379 3217 omnes
1425 3151 1498 3216 in
1540 3172 1611 3215 re
1650 3150 1917 3235 publica
1952 3150 2127 3233 prin-

57 3238 302 3322 cipem
333 3259 476 3303 esse
506 3239 912 3304 concedunt?
961 3239 1110 3325 Ego
1141 3238 1211 3305 O.
1241 3238 1540 3305 Caesaris
1567 3239 1869 3304 laudibus
1899 3238 2125 3319 desim,

56 3348 246 3411 quas
297 3326 590 3411 primum
630 3327 857 3412 populi
894 3325 1195 3411 Romani,
1237 3350 1414 3393 nunc
1448 3327 1650 3392 etiam
1688 3331 1973 3410 senatus,
2019 3327 2124 3391 cui

53 3437 178 3480 :me
233 3436 504 3499 semper
543 3415 779 3498 addixi,
823 3414 1126 3499 plurimis
1165 3417 1365 3499 atque
1402 3415 1828 3498 amplissimis
1864 3414 2124 3479 iudiciis

50 3504 351 3569 videam
407 3524 549 3568 esse
605 3503 1012 3569 celebratas?
1113 3504 1279 3567 Tum
1330 3503 1594 3567 hercule
1651 3524 1754 3567 me
1811 3504 2126 3568 confitear
