2550 3875
935 175 1092 232 CAP.
1131 183 1343 234 35—3‘1
1382 186 1413 246 g
1452 184 1682 235 86—91.
2188 182 2314 246 197

259 339 523 403 tribuni
577 339 895 404 militares
946 362 1082 405 non
1125 341 1399 425 recepti,
1454 340 1541 405 M.
1588 341 1902 427 BaebiuS,
1958 343 2059 407 vir
2104 342 2316 427 fortiS,

259 427 657 492 interfectus
705 428 884 492 iussu
933 429 1096 492 tuo?
1159 428 1357 513 Quid,
1405 429 1578 513 quod
1614 434 1689 495 tu
1725 431 1971 494 totiens
2008 430 2311 496 diffidens
2334 445 2401 494 89

263 537 347 580 ac
401 516 750 600 desperans
806 511 1002 580 rebu's
1055 516 1190 580 tuis
1249 517 1321 582 in
1368 518 1699 602 sordibus,
1753 519 2060 583 lamentis
2108 519 2315 583 luctu-

264 626 395 688 que
441 605 721 688 iacuisti,
769 605 942 688 quod
987 604 1291 688 populari
1336 605 1437 668 illi
1484 607 1811 671 sacerdoti
1856 610 2190 671 sescentos
2231 609 2313 670 ad

203 712 236 752 5
266 692 522 757 bestias
543 694 757 757 socios
779 693 1371 777 stipendiariosque
1391 692 1654 779 misisti,
1675 697 1868 778 quod,
1892 717 2044 759 cum
2064 700 2313 760 susten-

264 785 412 845 tare
476 781 587 845 vix
648 802 875 865 posses
942 801 1307 845 maerorem
1371 785 1559 846 tuum
1621 783 2045 867 doloremque
2100 784 2313 848 deces-

265 869 475 934 sionis
485 921 503 953 ,
562 867 1085 934 Samothraciam
1141 873 1208 933 te
1254 870 1569 953 primum,
1623 875 1779 954 post
1824 871 1973 934 inde
2019 871 2312 936 Thasum

265 980 419 1022 cum
465 958 600 1021 tuis
647 958 890 1022 teneris
937 957 1369 1022 saltatoribus
1408 962 1475 1021 et
1514 980 1663 1022 cum
1699 959 2060 1042 Autobulo,
2106 960 2311 1024 Atha-

126 1057 132 1062 '
263 1050 510 1130 mante,
550 1047 671 1127 [et]
703 1045 1012 1129 Timocle,
1039 1045 1350 1111 formosis
1378 1046 1717 1130 fratribus,
1748 1048 2107 1131 contulisti,
2138 1048 2312 1130 quod

173 1155 236 1195 10
263 1134 417 1199 inde
474 1139 542 1198 te
598 1134 920 1218 recipiens
975 1134 1044 1199 in
1097 1134 1256 1199 villa
1300 1134 1703 1219 Euchadiae,
1761 1157 1926 1219 quae
1970 1135 2101 1199 fuit
2147 1158 2313 1200 uxor

261 1222 594 1306 Execesti,
629 1223 895 1300 iacuisti
931 1244 1227 1287 maerens
1263 1223 1519 1307 aliquot
1548 1224 1685 1287 dies
1716 1229 1914 1307 atque
1942 1225 2093 1288 inde
2124 1224 2312 1289 obso-

262 1313 440 1376 letus
514 1310 1049 1376 Thessalonicam
1115 1311 1419 1376 omnibus
1483 1312 1915 1376 inscientibus
1979 1316 2309 1395 noctuque

261 1399 536 1482 venisti,
599 1400 801 1483 quod,
855 1421 1004 1464 cum
1058 1420 1448 1464 concursum
1492 1400 1897 1483 plorantium
1944 1422 2019 1464 ac
2065 1405 2311 1483 tempe-

264 1492 513 1553 statem
561 1487 1000 1572 querellarum
1044 1487 1214 1552 ferre
1260 1510 1396 1552 non
1441 1510 1690 1572 posses,
1734 1489 1806 1552 in
1853 1489 2168 1573 oppidum
2210 1488 2312 1552 de-

173 1597 232 1637 15
263 1577 450 1641 vium
485 1575 806 1640 Beroeam
842 1576 1244 1660 profugisti‘?
1290 1597 1419 1660 quo
1455 1577 1527 1640 in
1565 1576 1804 1660 oppido
1845 1598 1993 1642 cum
2030 1577 2156 1640 tibi
2196 1597 2310 1660 spe

262 1665 464 1748 falsa,
521 1665 695 1748 quod
752 1663 826 1740 Q.
873 1664 1279 1728 Ancharium
1324 1685 1459 1728 non
1504 1685 1645 1728 esse
1696 1686 2152 1729 successurum
2197 1687 2310 1748 pu-

263 1759 474 1836 tares,
525 1753 778 1817 animos
823 1774 1050 1817 rumor
1094 1753 1417 1837 inflasset,
1464 1773 1593 1835 quo
1641 1757 1708 1817 te
1755 1754 1949 1817 modo
1998 1753 2081 1818 ad
2125 1757 2310 1817 tuam

261 1841 870 1925 intemperantiam,
939 1841 1279 1924 scelerate,
1342 1841 1700 1906 innovasti!
1810 1841 2012 1906 Mitto
2077 1863 2310 1906 aurum
2328 1819 2411 1884 37

266 1929 703 2013 coronarium,
751 1929 924 2013 quod
972 1933 1038 1994 te
1084 1929 1453 1995 diutissime
1490 1929 1707 2013 torsit,
1754 1953 1905 1994 cum
1950 1929 2143 1995 modo
2182 1930 2310 1994 vel·
2332 1911 2399 1961 90

177 2041 235 2080 20
265 2020 394 2103 les,
459 2019 652 2083 modo
717 2018 947 2083 nolles.
1037 2016 1175 2083 Lex
1239 2018 1414 2082 enim
1479 2018 1703 2105 generi
1769 2020 1869 2082 tui
1929 2023 1996 2083 et
2050 2019 2309 2082 decerni

265 2113 336 2173 et
403 2109 526 2189 [te]
595 2106 884 2190 accipere
950 2106 1217 2171 vetabat
1278 2106 1411 2170 nisi
1466 2107 1726 2171 decreto
1783 2107 2139 2189 triumph0.
2229 2106 2309 2171 In

265 2218 398 2280 quo
460 2199 538 2259 tu
593 2199 930 2278 acceptam
982 2194 1118 2257 iam
1173 2198 1241 2258 et
1297 2196 1675 2260 devoratam
1729 2195 2074 2279 pecuniam
2120 2198 2196 2259 ut
2239 2194 2310 2258 in

262 2282 684 2349 Achaeorum
731 2288 993 2347 centum
1039 2281 1309 2346 talentis
1357 2304 1653 2347 evomere
1697 2305 1828 2347 non
1872 2287 2157 2367 poteras„
2202 2304 2310 2355 vo-

265 2371 505 2438 cabula
551 2375 812 2435 tantum
855 2370 1283 2455 pecuniarum
1329 2375 1396 2435 et
1432 2391 1675 2456 genera
1710 2371 2034 2435 mutabas,
2106 2370 2307 2435 Mitto

177 2482 236 2522 25
269 2460 635 2545 diplomata
680 2462 824 2523 tota
868 2460 940 2523 in
978 2459 1319 2543 provincia
1353 2460 1602 2543 passim
1640 2460 1810 2543 data,
1857 2460 2052 2525 mitto
2089 2480 2310 2523 nume-

263 2571 415 2613 rum
485 2548 754 2612 navium
828 2568 1278 2630 summamque
1342 2548 1649 2631 praedae,
1722 2549 1920 2613 mitto
1985 2548 2310 2612 rationem

265 2636 482 2702 exacti
517 2636 954 2720 imperatique
990 2635 1324 2719 frumenti,
1364 2636 1559 2700 mitto
1599 2641 1893 2720 ereptam
1930 2637 2310 2701 libertatem

263 2724 532 2811 populis
589 2746 666 2789 ac
721 2723 1028 2810 singulis,
1091 2724 1202 2807 qui
1250 2728 1439 2787 erant
1485 2723 1703 2788 affecti
1748 2725 2058 2808 praemiis
2104 2724 2309 2789 nomi-

265 2814 506 2897 natim,
564 2833 843 2896 quorum
886 2812 1053 2876 nihil
1101 2815 1226 2894 est,
1285 2812 1460 2895 quod
1503 2833 1638 2876 non
1685 2812 1774 2876 sit
1819 2814 1966 2897 lege
2011 2812 2183 2876 Iulia
2225 2833 2309 2875 ne

181 2922 239 2961 30
265 2902 412 2966 fieri
456 2901 654 2966 liceat
699 2904 999 2966 sanctum
1036 2900 1404 2984 diligenter.
1476 2900 1829 2984 Aetoliam,
1878 2921 2042 2982 quae
2078 2900 2308 2983 procul
2328 2908 2392 2955 91

268 3012 309 3054 a
341 2989 646 3054 barbaris
685 2990 1011 3054 disiuncta
1049 2991 1202 3070 [est]
1244 2988 1554 3073 gentibus
1593 2989 1662 3052 in
1704 2989 1850 3052 sinu
1884 2988 2061 3071 pacis
2089 2988 2311 3070 posita

269 3078 484 3144 medio
541 3077 677 3142 fere
735 3076 1045 3142 Graeciae
1102 3077 1356 3163 gremio
1414 3077 1817 3161 continetur,
1872 3097 1910 3140 o
1966 3074 2188 3139 Poena
2243 3079 2311 3139 et

265 3165 471 3231 Furia
527 3166 881 3231 sociorum!
943 3165 1257 3230 decedens
1313 3164 1623 3229 miseram
1677 3163 2039 3249 perdidisti.
2130 3163 2312 3228 Arsi-

265 3260 464 3338 nocn,
522 3252 847 3339 Stratum,
901 3253 1349 3337 Naupactum,
1403 3257 1482 3317 ut
1535 3253 1730 3318 modo
1786 3257 1931 3317 tute
1984 3251 2312 3328 indicasti,

183 3359 238 3400 ³5
265 3343 523 3408 nobiles
579 3342 775 3407 urbes
833 3346 1031 3426 atque
1085 3342 1315 3426 plenas
1325 3392 1343 3426 ,
1398 3341 1627 3405 fateris
1686 3341 1767 3405 ab
1814 3341 2121 3405 hostibus
2169 3362 2312 3404 esse

269 3435 515 3515 captas.
592 3428 845 3506 Quibus
892 3435 1115 3495 autem
1157 3428 1511 3494 hostibus?
1574 3428 1830 3513 Nempe
1876 3430 1979 3513 iis,
2026 3450 2191 3512 quos
2236 3432 2312 3491 tu

266 3518 663 3587 Ambraciae
701 3519 932 3584 sedens
967 3518 1181 3603 primo
1220 3522 1339 3582 tuo
1374 3517 1657 3581 adventu
1686 3540 1764 3583 ex
1795 3517 2051 3601 oppidis
2080 3516 2315 3601 Agria-
