2550 3875
310 175 448 240 226
851 170 996 226 PRO
1036 169 1152 227 GN.
1190 170 1507 227 PLANCIO
1548 169 1835 226 ORATIO.

312 336 530 401 aditus
573 355 934 420 numquam
979 334 1080 398 illi
1124 333 1455 398 faciliores
1503 332 1743 418 optavi,
1790 354 1986 416 quam
2030 332 2200 397 mihi
2237 331 2369 397 fue-

312 426 485 488 runt.
579 421 756 498 Quin
799 423 1028 505 etiam,
1079 443 1161 486 ne
1208 421 1379 486 forte
1425 421 1538 486 ille
1585 421 1716 486 sibi
1760 443 1864 486 me
1910 421 2133 506 potius
2180 442 2369 505 pepe-

311 511 477 576 risse
533 510 667 574 iam
719 511 1003 576 honores
1061 531 1256 594 quam
1312 510 1439 574 iter
1483 510 1963 574 demonstrasse
2010 509 2370 593 adipiscen-
2549 581 2550 590 2

312 599 548 664 dorum
592 602 798 684 putet,
843 599 1005 664 haec
1051 598 1150 663 illi
1194 599 1374 663 soleo
1412 597 1786 683 praecipere
1826 595 2254 684 (quamquam
2290 598 2371 660 ad
2548 643 2550 712 1

310 690 662 772 praecepta
707 690 888 752 aetas
931 709 1068 752 non
1113 689 1215 751 est
1260 682 1576 772 grandis),
1624 708 1787 770 quae
1825 708 1940 750 rex
1984 686 2097 750 ille
2138 707 2177 749 a
2215 685 2371 752 Iove
2425 700 2453 740 ὁ
2546 759 2550 778 4

314 779 498 840 ortus
545 775 684 840 suis
728 776 1065 859 praecepit
1109 774 1296 839 filiis:

404 863 912 949 Vigilandum
954 866 1072 928 est
1108 884 1439 947 semper3
1474 863 1769 926 multae
1804 861 2145 926 insidiae
2184 865 2374 926 sunt

2033 950 2284 1015 bonis.

313 1039 549 1106 Nostis
598 1043 842 1124 cetera3
892 1039 1180 1120 [nonne‘P

403 1114 492 1194 id
538 1130 738 1212 quod
783 1128 1014 1192 multi
1060 1125 1503 1208 invideant]
1739 1207 1746 1214 ι
2402 1142 2457 1183 ιο

313 1239 480 1302 quae
527 1217 795 1301 scripsit
835 1216 1056 1302 gravis
1095 1218 1162 1280 et
1196 1215 1577 1300 ingeniosus
1613 1218 1828 1299 poeta,
1878 1214 2197 1298 [scripsit]
2237 1236 2377 1280 non

312 1309 388 1370 ut
433 1306 585 1370 illos
632 1305 851 1390 regios
898 1326 1154 1389 pueros,
1203 1303 1317 1387 qui
1362 1304 1497 1368 iam
1530 1324 1856 1388 nusquam
1892 1305 2097 1386 erant,
2146 1303 2262 1368 sed
2296 1307 2377 1367 ut

311 1415 435 1459 nos
491 1397 559 1458 et
610 1397 874 1459 nostros
930 1392 1176 1457 liberos
1232 1392 1315 1455 ad
1369 1391 1665 1456 laborem
1711 1395 1777 1456 et
1828 1391 1909 1456 ad
1962 1391 2224 1458 laudem
2270 1413 2377 1455 ex-

316 1483 568 1548 citaret.

223 1585 295 1635 60
453 1568 753 1652 Quaeris,
820 1568 976 1652 quid
1038 1569 1333 1652 potuerit
1389 1568 1670 1652 amplius
1728 1568 1991 1650 assequi
2041 1567 2372 1650 Plancius,
2402 1588 2453 1629 15

316 1657 375 1722 si
421 1655 536 1723 Cn.
586 1655 914 1741 Scipionis
959 1656 1195 1721 fuisset
1239 1657 1435 1722 filius.
1508 1655 1725 1742 Magis
1774 1655 2002 1720 aedilis
2048 1655 2194 1720 fieri
2237 1677 2376 1721 non

314 1745 660 1830 potuisset,
707 1745 821 1810 sed
865 1746 992 1810 hoc
1037 1748 1423 1829 praestaret,
1470 1745 1642 1828 quod
1690 1744 1751 1809 ei
1795 1744 2013 1809 minus
2050 1743 2373 1809 invidere·
2547 1747 2550 1900 γ

315 1837 442 1898 tur.
541 1833 809 1898 Etenim
859 1833 1187 1898 honorum
1241 1833 1483 1919 gradus
1539 1832 1813 1898 summis
1865 1832 2247 1897 hominibus
2303 1836 2375 1896 θὴ

206 1919 296 1985 25
317 1922 560 1987 infimis
607 1925 761 1987 sunt
804 1944 1014 2007 pares,
1061 1921 1312 2008 gloriae
1358 1921 1669 2006 dispares.
1746 1920 1907 1998 Quis
1953 1924 2257 1986 nostrum
2302 1943 2371 1986 se

317 2012 479 2076 dicit
506 2010 614 2076 Μ’.
652 2010 868 2094 Curio,
907 2011 1053 2095 quis
1083 2009 1152 2077 0.
1185 2010 1511 2095 Fabricio,
1550 2010 1696 2094 quis
1726 2008 1795 2075 0.
1822 2009 2087 2075 Duellio
2125 2032 2370 2095 parem,
2400 2032 2455 2071 20
2548 2002 2550 2017 '

319 2100 467 2184 quis
511 2098 722 2164 Atilio
770 2097 1092 2184 CalatinO,
1148 2099 1295 2184 quis
1343 2098 1457 2164 On.
1505 2102 1572 2163 et
1617 2098 1690 2163 P.
1739 2096 2176 2183 Scipionibus,
2225 2099 2372 2183 quis

316 2186 632 2252 Africano
642 2238 661 2272 ,
715 2186 1057 2271 Marcello,
1111 2186 1447 2252 Maximo}>
1537 2186 1785 2251 Tamen
1834 2188 2099 2252 eosdem
2144 2208 2373 2252 sumus

316 2276 644 2340 honorum
691 2276 932 2361 gradus
979 2297 1145 2359 quos
1191 2276 1293 2339 illi
1335 2276 1642 2340 adsecuti.
1714 2274 1982 2339 Etenim
2016 2276 2089 2339 in
2124 2276 2371 2339 virtute

317 2364 515 2428 multi
578 2367 733 2428 sunt
789 2363 1166 2447 adscensus,
1230 2367 1308 2429 ut
1360 2363 1419 2428 is
1474 2364 1754 2428 maxime
1809 2363 2023 2449 gloria
2077 2365 2373 2448 excellat,

321 2452 434 2536 qui
486 2451 732 2516 virtute
785 2452 1144 2535 plurimum
1198 2454 1514 2536 praestet3
1568 2452 1895 2517 honorum
1939 2452 2170 2536 populi
2216 2452 2369 2517 finis
2400 2472 2449 2512 25

320 2544 422 2605 est
467 2540 870 2625 consulatus3
917 2563 1110 2625 quem
1155 2541 1620 2625 magistratum
1664 2540 1798 2605 iam
1836 2540 2200 2625 octingenti
2238 2540 2373 2605 fere

321 2628 655 2694 consecuti
690 2632 862 2693 sunt.
933 2628 1209 2712 Horum,
1247 2630 1305 2692 si
1342 2629 1693 2714 diligenter
1731 2649 2021 2712 quaereS,
2057 2629 2169 2692 vix
2206 2629 2375 2693 deci-

319 2739 498 2783 mam
550 2721 809 2801 partem
854 2717 1137 2800 reperies
1185 2717 1399 2802 gloria
1445 2717 1728 2801 dignam.
1822 2715 1951 2781 Sed
1994 2738 2187 2781 nemo
2235 2740 2377 2781 um-

321 2827 518 2890 quam
561 2805 656 2871 sic
702 2805 840 2891 egit
883 2808 961 2870 ut
1005 2809 1106 2870 tu:
1157 2804 1314 2871 ‘Cur
1348 2805 1476 2869 iste
1512 2806 1594 2869 fit
1632 2805 1913 2870 consul?
1960 2805 2117 2890 quid
2152 2806 2377 2890 potuit

321 2894 630 2980 amplius,
686 2894 744 2959 si
789 2892 862 2958 L.
918 2892 1165 2958 Brutus
1219 2897 1418 2978 esset,
1475 2894 1587 2978 qui
1642 2893 1977 2958 civitatem
2031 2894 2377 2959 dominatu
2403 2913 2453 2952 so

322 2984 506 3068 regio
544 2981 918 3047 liberavit‘P'
991 2981 1259 3047 Honore
1295 2982 1463 3047 nihil
1501 2982 1800 3066 amplius,
1846 2982 2035 3046 laude
2072 2983 2375 3047 multum.

324 3069 434 3136 Sic
487 3070 695 3155 igitur
747 3070 1055 3135 Plancius
1108 3070 1318 3134 nihilo
1374 3070 1591 3135 minus
1648 3073 1955 3154 quaestor
2009 3074 2110 3134 est
2158 3070 2377 3135 factus

323 3162 392 3224 θὴ
443 3159 748 3223 tribunus
792 3159 882 3242 pl.
933 3162 1002 3222 et
1047 3157 1303 3242 aedilis,
1358 3180 1555 3243 quam
1599 3159 1658 3223 si
1704 3162 1877 3223 esset
1920 3180 2177 3223 summo
2224 3159 2375 3224 loco

321 3249 536 3329 natus,
583 3246 696 3311 sed
739 3247 901 3311 haec
945 3246 1091 3330 pari
1135 3246 1281 3311 loco
1330 3247 1459 3311 orti
1504 3251 1661 3311 sunt
1704 3247 2211 3312 innumerabiles
2258 3248 2375 3312 alii

234 3353 304 3400 61
328 3335 677 3398 consecuti.
767 3333 1032 3399 Profers
1087 3332 1457 3418 triumphos
1502 3334 1574 3399 T.
1630 3334 1789 3399 Didi
1843 3339 1909 3401 et
1956 3333 2025 3401 0.
2079 3334 2252 3399 Mari
2308 3341 2379 3400 θὴ
2405 3352 2455 3393 35

329 3420 607 3502 quaeris,
653 3420 808 3503 quid
854 3420 1067 3487 simile
1111 3420 1184 3484 in
1227 3421 1515 3486 Plancio,
1591 3422 1795 3498 Quasi
1839 3445 1991 3489 vero
2028 3422 2161 3507 isti,
2208 3445 2377 3508 quos

330 3528 826 3593 commemoras,
896 3511 1246 3592 propterea
1318 3508 1745 3593 magistratus
1812 3512 2126 3595 ceperint,
2199 3513 2379 3593 quod
