2550 3875
381 151 512 216 282
808 148 952 204 PRO
990 149 1053 203 Τ.
1091 145 1326 202 ANNIO
1364 144 1647 200 MILONE
1687 144 1973 201 ORATIO.

322 286 355 349 Ῑ
514 310 666 376 Etsi
720 331 975 392 vereor,
1029 309 1301 387 iudices,
1354 328 1437 372 ne
1493 311 1696 408 turpe
1742 308 1832 372 sit
1875 329 1996 391 pro
2042 306 2420 375 fortissimo

332 376 358 423 ¹
381 401 523 465 viro
562 399 774 464 dicere
805 397 1232 500 incipientem
1268 396 1502 461 timere
1540 395 1932 479 minimeque
1970 396 2215 481 deceat,
2264 419 2421 461 cum

379 489 451 552 T.
498 487 753 552 Annius
800 487 942 570 ipse
989 485 1200 570 magis
1247 485 1326 549 de
1371 484 1467 548 rei
1508 484 1809 568 publicae
1848 483 2058 548 salute
2097 506 2297 569 quam
2337 485 2417 549 de

381 599 500 642 sua
560 576 1006 660 perturbetur,
1069 594 1172 637 me
1234 573 1317 637 ad
1381 572 1519 637 eius
1586 593 1851 636 causam
1911 593 2139 656 parem
2202 573 2413 636 animi

381 663 899 749 magnitudinem
929 661 1156 727 afferre
1184 683 1319 726 non
1345 682 1557 744 110333,
1584 665 1806 724 tamen
1830 660 1993 725 haec
2010 660 2165 725 novi
2182 661 2414 726 111(11311
2475 674 2503 716 ⁵

385 774 558 816 nova
600 750 814 815 forma
857 753 1063 815 terret
1109 749 1360 833 0311103,
1413 749 1525 832 qui
1571 769 1979 833 quocumque
2023 747 2418 827 inciderunt,

390 839 924 905 consuetudinem
985 836 1114 902 fori
1180 840 1248 901 et
1310 836 1663 921 pristinum
1718 857 1967 901 morem
2019 836 2417 901 iudiciorum

285 940 372 1007 (2)
391 927 748 1013 requirunt.
821 925 976 991 Non
1022 926 1194 991 enim
1240 946 1481 990 corona
1526 946 1867 990 consessus
1904 929 2121 990 vester
2158 925 2414 990 cinctus

384 1020 511 1100 est,
555 1019 632 1079 ut
678 1014 958 1098 solebat,
1003 1036 1137 1079 non
1179 1012 1429 1077 usitata
1471 1012 1845 1097 frequentia
1889 1012 2118 1096 stipati
2166 1033 2414 1097 311111113,

331 1119 363 1166 2
382 1126 516 1169 non
561 1103 677 1167 1113.
720 1102 1061 1187 praesidia,
1107 1122 1271 1184 quae
1316 1122 1438 1185 pro
1480 1101 1745 1184 templis
1783 1101 2084 1166 omnibus
2123 1101 2413 1180 3311111113,
2444 1115 2497 1154 1⁰

385 1192 514 1257 etsi
578 1194 806 1256 contra
859 1190 996 1254 vim
1051 1189 1372 1255 collocata
1427 1195 1607 1273 sunt,
1667 1211 1802 1253 non
1855 1189 2135 1254 afferunt
2190 1193 2417 1253 tamen

388 1279 692 1361 [oratori]
743 1277 1009 1362 aliquid,
1052 1280 1129 1342 ut
1173 1277 1244 1341 in
1288 1276 1433 1342 foro
1482 1281 1549 1342 et
1592 1277 1663 1341 in
1706 1277 1966 1362 iudicio,
2014 1298 2417 1361 quamquam

382 1367 726 1452 praesidiis
757 1366 1155 1430 salutaribus
1183 1369 1252 1429 et
1277 1365 1662 1430 necessariis
1687 1365 1898 1449 saepti
1918 1387 2161 1449 sumus,
2189 1368 2414 1429 tamen

383 1477 464 1520 ne
520 1477 653 1520 non
706 1454 939 1518 timere
996 1453 1257 1536 quidem
1314 1454 1452 1518 sine
1508 1453 1728 1536 aliquo
1780 1453 2016 1518 timore
2060 1453 2416 1537 possimus.

387 1543 567 1619 Quae
625 1541 681 1606 si
736 1541 1040 1626 opposita
1092 1540 1325 1605 Miloni
1379 1545 1707 1625 putarem,
1766 1541 2057 1606 cederem
2111 1541 2417 1625 tempori,
2444 1554 2494 1594 1⁵

385 1630 658 1714 iudices,
710 1651 830 1695 nec
883 1630 1057 1694 inter
1111 1633 1367 1693 tantam
1414 1630 1549 1694 vim
1595 1650 1923 1694 armorum
1969 1629 2417 1694 existimarem

303 1767 307 1771 -
387 1739 530 1783 esse
591 1717 873 1782 orationi
924 1719 1158 1783 locum.
1260 1716 1388 1782 Sed
1443 1739 1547 1782 me
1602 1720 1853 1782 recreat
1908 1721 1975 1782 et
2027 1717 2243 1781 reficit
2300 1716 2416 1782 Gn.

387 1805 677 1890 Pompei,
724 1805 1192 1889 sapientissimi
1228 1809 1296 1870 et
1333 1805 1679 1870 iustissimi
1714 1805 1857 1889 viri,
1899 1804 2263 1889 consilium,
2303 1805 2416 1888 qui

387 1893 682 1995 profecto
736 1915 856 1959 nec
910 1893 1202 1959 iustitiae
1255 1915 1411 1959 suae
1456 1896 1721 1979 putaret
1766 1915 1934 1972 esse,
1991 1915 2185 1977 quem
2230 1914 2417 1958 reum

389 1982 732 2049 sententiis
788 1982 1075 2047 iudicum
1129 1982 1535 2067 tradidisset,
1590 1982 1864 2047 eundem
1918 1982 2067 2046 telis
2124 1982 2417 2046 militum
2442 1994 2496 2033 2⁰

389 2072 619 2137 dedere
664 2091 785 2135 nec
831 2070 1188 2153 sapientiae
1234 2070 1675 2135 temeritatem
1717 2069 2081 2134 concitatae
2118 2069 2417 2153 multitu-

338 2172 371 2219 3
391 2159 561 2223 (111113
617 2158 1010 2223 auctoritate
1053 2158 1321 2242 publica
1365 2180 1633 2223 armare.
1726 2157 1937 2233 Quam
1984 2158 2067 2222 ob
2114 2179 2253 2221 rem
2300 2156 2417 2221 illa

391 2268 589 2330 arma,
636 2246 1064 2330 centurioneS,
1112 2246 1414 2311 cohortes
1460 2268 1594 2310 non
1636 2246 1998 2329 periculum
2041 2245 2257 2330 nobis,
2304 2245 2417 2310 sed

387 2297 785 2418 praesidium
848 2332 1258 2418 denuntiant,
1320 2355 1530 2417 neque
1589 2334 1803 2399 solum
1855 2337 1933 2398 ut
1988 2334 2238 2417 quieto,
2304 2333 2415 2397 sed

389 2421 592 2485 etiam
644 2425 721 2484 ut
775 2442 1013 2506 magno
1069 2422 1285 2487 animo
1339 2422 1541 2486 simus
1586 2421 1939 2486 hortantur
1982 2442 2193 2505 neque
2240 2421 2416 2485 auxi·
2442 2432 2493 2472 2⁵

389 2509 553 2573 lium
609 2509 802 2573 modo
858 2509 1217 2575 defensioni
1272 2531 1480 2592 meae,
1543 2530 1768 2573 verum
1823 2509 2023 2574 etiam
2080 2508 2417 2573 silentium

388 2597 798 2681 pollicentur.
870 2597 1150 2681 Reliqua
1193 2619 1347 2662 vero
1394 2596 1766 2682 multitudo,
1812 2619 1975 2682 quae
2014 2596 2278 2681 quidem
2316 2601 2417 2661 est

393 2684 650 2763 civium,
697 2689 842 2749 tota
886 2689 1116 2751 nostra
1161 2690 1282 2771 est,
1326 2706 1534 2769 neque
1572 2706 1799 2749 eorum
1836 2686 2203 2769 quisquam,
2250 2706 2415 2767 quos

390 2773 674 2865 undique
719 2773 1057 2852 intuentis,
1100 2774 1268 2838 unde
1318 2774 1537 2857 aliqua
1577 2772 1704 2837 fori
1740 2795 1893 2857 pars
1932 2772 2139 2857 aspici
2173 2776 2417 2856 potest,

391 2858 459 2925 et
512 2860 707 2925 huius
761 2861 1008 2926 exitum
1053 2860 1276 2925 iudicii
1323 2861 1727 2945 expectantis
1774 2861 2037 2945 videtis,
2089 2881 2224 2925 non
2270 2882 2416 2925 cum
2440 2872 2488 2912 ³⁰

391 2948 624 3013 virtuti
677 2947 945 3013 Milonis
996 2948 1200 3033 favet,
1255 2953 1400 3013 tum
1445 2949 1523 3014 de
1571 2971 1666 3026 se,
1722 2949 1800 3013 de
1845 2912 2072 3014 liberis
2120 2948 2283 3026 suis,
2339 2948 2414 3012 de

331 3045 374 3108 2
393 3036 628 3121 patria,
665 3036 744 3100 de
778 3036 1060 3100 fortunis
1097 2999 1412 3101 ho'dierno
1451 3037 1553 3101 die
1586 3036 1903 3102 decertari
1930 3039 2141 3121 putat.
2196 3034 2415 3101 Unum
2548 3024 2550 3108 1

391 3144 602 3274 {enus
657 3127 761 3189 est
816 3124 1157 3189 adversum
1210 3124 1650 3209 infestumque
1705 3124 1897 3190 nobis
1942 3145 2195 3202 eorum,
2253 3144 2413 3207 quos

449 3261 463 3274 .
505 3210 695 3276 Clodi
739 3210 922 3276 furor
966 3212 1213 3296 rapinis
1261 3217 1329 3277 et
1374 3212 1687 3278 incendiis
1734 3216 1802 3277 et
1848 3212 2151 3277 omnibus
2198 3211 2414 3276 exitiis
2546 3216 2548 3229 '

390 3299 672 3381 publicis
735 3300 946 3385 pavit3
1010 3301 1121 3383 qui
1182 3300 1492 3365 hesterna
1544 3301 1745 3365 etiam
1799 3300 2104 3365 contione
2158 3299 2415 3365 incitati
2440 3311 2485 3352 8⁶

395 3389 564 3463 sunt,
613 3391 689 3449 ut
734 3386 920 3450 vobis
967 3408 1123 3452 voce
1169 3387 1517 3472 praeirent,
1564 3388 1719 3472 quid
1762 3386 2157 3453 iudicaretis.
2251 3386 2416 3463 Quo·

393 3492 539 3535 rum
586 3472 833 3536 clamor
879 3473 937 3537 si
979 3473 1091 3557 qui
1126 3473 1298 3538 forte
1334 3473 1553 3557 fuerit,
1596 3476 1943 3541 admonere
1980 3497 2098 3540 103
2136 3475 2417 3545 debebit,
