2550 3875
878 172 1030 227 CAP.
1070 177 1212 227 ‘At-4
1249 180 1281 239 ἓ
1318 179 1507 228 6--10.
2088 175 2220 238 363

187 356 313 419 que
379 334 778 418 intempesta
830 356 962 399 nox
1018 339 1192 399 esset
1245 335 1757 420 mansissemque
1813 336 1882 400 in
1935 337 2094 401 villa
2148 336 2219 400 P.

185 422 445 508 Valeri,
500 423 760 488 comitis
817 426 886 487 et
939 422 1284 488 familiaris
1340 423 1495 508 mei,
1548 424 1993 509 postridieque
2048 426 2218 508 apud

187 511 465 576 eundem
501 515 770 576 ventum
807 515 1156 596 expectans
1193 533 1543 597 manerem,
1582 513 1940 596 municipes
1980 512 2218 599 Regini

187 600 558 684 complures
633 600 714 664 ad
787 621 891 663 me
963 604 1309 683 venerunt,
1380 621 1461 664 ex
1532 600 1614 664 iis
1681 601 1945 684 quidam
2008 600 2219 666 Roma

127 711 158 752 s
186 691 511 772 recentes3
565 709 604 752 a
660 688 897 772 quibus
950 688 1234 772 primum
1292 688 1539 772 accipio
1586 687 1673 752 M.
1719 689 1968 755 Antoni
2015 690 2218 755 conti-

188 798 398 853 onem,
446 797 609 860 quae
657 776 816 840 mihi
860 776 957 841 ita
992 776 1257 860 placuit,
1305 780 1379 841 ut
1417 798 1493 840 ea
1529 777 1701 841 lecta
1736 777 1813 841 de
1852 779 2216 843 reversione

185 865 473 948 primum
556 865 880 948 coeperim
963 865 1270 950 cogitare.
1391 863 1531 930 Nec
1610 865 1708 929 ita
1783 866 1991 931 multo
2063 870 2217 949 post

187 952 474 1017 edictum
518 952 710 1017 Bruti
768 952 1058 1017 adfertur
1113 957 1180 1018 et
1228 951 1444 1037 Cassi,
1499 953 1671 1037 quod
1727 954 1986 1036 quidem
2036 954 2216 1038 mihi,

187 1040 470 1106 fortasse
509 1041 682 1125 quod
718 1062 829 1106 eos
865 1042 1014 1124 plus
1053 1041 1253 1108 etiam
1290 1041 1385 1106 rei
1421 1041 1721 1126 publicae
1761 1062 1957 1125 quam
1984 1041 2217 1106 famili-

105 1155 162 1194 ιο
189 1129 454 1194 aritatis
527 1130 746 1215 gratia
809 1129 1013 1215 diligo
1025 1181 1042 1213 ,
1113 1131 1379 1214 plenum
1443 1129 1794 1213 aequitatis
1835 1129 2218 1195 ·videbatur.

186 1217 535 1282 Addebant
588 1221 926 1301 praeterea
982 1216 1089 1303 (fit
1144 1219 1317 1282 enim
1365 1219 1776 1302 plerumque,
1839 1221 1915 1282 ut
1968 1217 2043 1301 ii,
2107 1218 2220 1301 qui

185 1306 345 1372 boni
384 1305 540 1389 quid
578 1307 808 1370 volunt
841 1307 1108 1390 adferre,
1147 1306 1485 1392 adfingant
1512 1306 1777 1390 aliquid,
1816 1327 1943 1390 quo
1973 1305 2221 1370 faciant

185 1394 272 1477 id,
311 1394 485 1478 quod
519 1395 846 1478 nuntiant,
884 1391 1148 1480 laetius)
1189 1416 1328 1459 rem
1368 1399 1860 1478 conventuram3
1904 1393 2218 1458 Kalendis

188 1480 422 1564 [Sext]
435 1487 735 1547 senatum
744 1482 1150 1567 frequentem
1161 1482 1327 1565 fore3
1342 1483 1706 1548 Antonium
1717 1483 2073 1566 repudiatis
2087 1504 2218 1546 ma-

103 1597 156 1636 15
184 1571 268 1636 lis
301 1571 680 1636 suasoribus
710 1571 1000 1636 remissis
1018 1571 1374 1654 provinciis
1398 1570 1631 1636 Galliis
1654 1571 1733 1635 ad
1753 1570 2213 1636 auctoritatem

188 1662 454 1724 senatus
485 1680 626 1724 esse
657 1660 1036 1724 rediturum.
1100 1659 1263 1723 Tum
1297 1681 1448 1724 vero
1480 1663 1664 1724 tanta
1694 1681 1837 1724 sum
1859 1629 2274 1768 cupiditate2

185 1748 490 1812 incensus
538 1748 619 1812 ad
666 1748 965 1832 reditum,
1011 1751 1088 1813 ut
1134 1748 1297 1811 mihi
1341 1748 1506 1812 nulli
1551 1769 1759 1832 neque
1807 1747 1971 1812 remi
2006 1769 2217 1831 neque

185 1835 367 1900 venti
414 1836 576 1900 satis
623 1835 930 1919 facerent,
979 1858 1114 1900 non
1159 1858 1289 1919 quo
1337 1858 1439 1900 me
1489 1836 1569 1901 ad
1616 1840 1873 1919 tempus
1922 1857 2218 1901 occursu-

186 1947 330 1989 rum
378 1947 512 1990 non
554 1928 873 2008 putarem,
919 1925 1032 1990 sed
1075 1948 1157 1991 ne
1204 1925 1473 2009 tardiuS,
1521 1948 1717 2009 quam
1756 1946 2076 2008 cuperem,
2122 1923 2218 1993 rei

105 2040 160 2079 so
185 2013 488 2098 publicae
570 2014 952 2098 gratularer.
1069 2013 1291 2097 Atque
1374 2034 1495 2099 ego
1579 2013 1877 2078 celeriter
1958 2012 2218 2077 Veliam

185 2102 493 2167 devectus
540 2101 822 2167 Brutum
867 2102 1027 2186 vidi,
1085 2106 1331 2186 quanto
1379 2124 1523 2167 meo
1571 2101 1821 2186 dolore,
1873 2123 2009 2167 non
2053 2101 2216 2166 dico.

183 2190 400 2274 Turpe
456 2190 618 2254 mihi
674 2190 802 2273 ipsi
845 2190 1190 2256 videbatur
1244 2191 1315 2254 in
1360 2212 1503 2255 eam
1556 2191 1785 2255 urbem
1832 2211 1934 2254 me
1982 2188 2215 2254 audere

184 2278 444 2362 reverti,
488 2299 568 2342 ex
613 2300 742 2362 qua
786 2278 1032 2344 Brutus
1077 2280 1352 2363 cederet,
1398 2282 1466 2342 et
1510 2279 1605 2343 ibi
1655 2279 1816 2343 velle
1863 2282 2009 2343 tuto
2057 2299 2218 2362 esse,

184 2367 299 2431 ubi
334 2366 446 2430 ille
481 2388 616 2431 non
649 2371 890 2450 posset.
972 2366 1200 2450 Neque
1237 2388 1390 2432 vero
1429 2367 1617 2431 illum
1654 2366 1973 2450 similiter,
2020 2371 2215 2451 atque

107 2480 158 2521 25
185 2455 325 2538 ipse
411 2476 616 2538 eram,
709 2459 1108 2520 commotum
1189 2477 1331 2520 esse
1413 2456 1561 2519 vidi.
1686 2455 1963 2519 Erectus
2039 2455 2213 2519 enim

185 2543 452 2607 maximi
509 2565 583 2608 ac
637 2543 1057 2627 pulcherrimi
1112 2542 1273 2607 facti
1330 2544 1433 2608 sui
1480 2543 1877 2608 conscientia
1920 2542 2088 2607 nihil
2135 2543 2212 2607 de

187 2653 303 2696 suo
377 2652 558 2714 casu,
639 2631 852 2696 multa
913 2632 990 2695 de
1055 2636 1274 2696 vestro
1342 2632 1753 2714 querebatur.
1850 2631 2080 2714 Exque
2136 2652 2212 2694 eo
2240 2644 2306 2693 10

185 2719 469 2803 primum
524 2720 827 2805 cognovi,
884 2741 1048 2803 quae
1096 2718 1409 2784 Kalendis
1458 2717 1813 2785 Sextilibus
1869 2719 1939 2782 in
1986 2721 2216 2782 senatu

187 2806 420 2873 fuisset
443 2806 537 2872 L.
583 2806 842 2872 Pisonis
891 2808 1119 2872 oratic.
1209 2807 1335 2883 Qui
1376 2829 1769 2890 quamquam
1806 2827 2038 2890 parum
2076 2808 2216 2868 erat

113 2922 165 2961 so
189 2892 286 2981 (id
330 2896 506 2960 enim
542 2896 759 2979 ipsum
795 2918 834 2960 a
870 2895 1078 2960 Bruto
1117 2893 1496 2981 audieram),
1534 2918 1573 2959 a
1610 2896 1847 2978 quibus
1886 2894 2214 2975 debuerat,

189 2983 477 3068 adiutuS,
531 2986 752 3049 tamen
807 2988 874 3048 et
918 2983 1112 3048 Bruti
1158 2984 1537 3048 testimonio
1586 2980 1743 3068 (quo
1793 2980 1946 3065 quid
1991 2983 2215 3063 potest

189 3093 328 3136 esse
376 3072 640 3157 gravius
653 3070 713 3157 ‘?)
763 3076 830 3135 et
876 3072 1167 3136 omnium
1212 3072 1721 3155 praedicatione,
1772 3090 1936 3153 quos
1982 3072 2215 3152 postea

188 3161 344 3244 vidi,
423 3180 732 3245 magnam
805 3160 969 3224 mihi
1041 3161 1383 3225 videbatur
1456 3160 1737 3245 gloriam
1810 3160 2214 3221 consecutus.

188 3248 379 3314 Hunc
425 3248 633 3333 igitur
678 3251 754 3312 ut
801 3269 1128 3331 sequerer,
1173 3248 1544 3332 properavi,
1601 3269 1791 3330 quem
1838 3249 2213 3328 praesentes

115 3362 164 3403 ³⁵
188 3359 319 3402 non
365 3341 519 3401 sunt
566 3337 790 3420 secuti,
834 3358 967 3401 non
1011 3339 1087 3399 ut
1130 3337 1513 3419 proficerem
1560 3334 1805 3418 aliquid
1853 3332 1999 3419 (nec
2042 3334 2215 3398 enim

190 3427 534 3510 sperabam
581 3425 646 3487 id
691 3446 811 3489 nec
855 3426 1188 3507 praestare
1235 3421 1591 3510 poteram),
1647 3423 1759 3486 sed
1804 3425 1905 3504 ut,
1957 3422 2013 3486 si
2060 3422 2216 3505 quid

190 3514 360 3579 mihi·
424 3513 802 3577 humanitus
876 3510 1220 3577 accidisset
1285 3508 1522 3596 (multa
1586 3515 1803 3575 autem
1867 3510 2215 3592 inpendere
