2550 3875
832 149 987 207 CAP.
1026 155 1237 204 23-25
1276 156 1307 216 ς
1346 155 1575 206 55—60.
2082 151 2210 216 185

191 313 365 378 ditas
400 316 541 376 tam
576 331 768 377 caeca
801 312 1145 397 rapiebat?
1207 309 1363 376 Non
1394 315 1496 376 est
1521 311 1853 397 integrum
1882 311 1996 378 Cn.
2024 311 2212 377 Pom·
2231 322 2301 372 58

192 402 341 486 peio
389 399 660 479 consilio
705 400 838 464 iam
881 399 982 464 uti
1027 403 1171 485 tu03
1216 399 1459 464 erravit
1500 399 1701 484 enim3
1744 422 1877 465 non
1914 404 2215 485 gustarat

193 491 392 554 istam
425 492 609 552 tuam
643 487 1155 572 philosophiam3
1190 491 1293 551 ter
1328 487 1460 551 iam
1490 488 1688 552 homo
1719 488 1961 553 stultus
1989 489 2214 552 trium-

193 577 440 662 phavit.
505 575 757 658 Crasse,
791 576 994 661 pudet
1029 598 1132 640 me
1169 575 1287 639 tui.
1353 575 1524 652 Quid
1560 579 1678 658 est,
1716 576 1889 659 quod
1917 576 2212 642 confecto

137 683 166 724 5
193 687 313 750 per
354 668 420 728 te
465 663 1077 730 formidolosissimo
1123 663 1298 728 bello
1345 684 1653 729 coronam
1697 664 1880 728 illam
1924 665 2215 729 lauream

193 753 319 818 tibi
355 756 542 817 tanto
582 773 774 836 opere
812 752 1068 817 decerni
1105 752 1389 817 volueris
1428 773 1468 815 a
1503 753 1776 816 senatu?
1849 751 1921 816 P.
1960 751 2213 837 Servih,

195 841 272 918 Q.
307 839 590 924 Metelle,
638 839 706 905 G.
745 838 961 923 Curio,
1005 838 1079 904 L.
1115 837 1368 922 Afrani,
1411 861 1528 904 cur
1559 839 1733 904 hunc
1766 861 1901 905 non
1938 841 2212 905 audistis

193 934 334 994 tam
388 930 653 994 doctum
704 927 1061 1011 hominem,
1114 930 1252 990 tam
1308 927 1659 1010 eruditum,
1713 928 2095 1012 priusquam
2144 928 2215 992 in

195 1019 399 1082 istum
435 1037 724 1082 errorem
756 1015 1266 1081 induceremini?
1341 1013 1410 1080 O.
1438 1015 1568 1099 ipsi
1594 1014 1964 1099 PomptinO,
1998 1037 2215 1081 neces·

112 1127 169 1167 10
197 1106 370 1170 sario
424 1127 598 1188 meo,
651 1105 784 1168 iam
827 1125 962 1168 non
1006 1107 1108 1168 est
1152 1103 1511 1189 integrum3
1567 1103 1995 1189 religionibus
2042 1105 2215 1168 enim

195 1194 515 1277 susceptis
542 1192 912 1277 impeditur.
988 1190 1042 1255 Ο
1072 1191 1312 1256 stultos
1342 1190 1673 1275 Camillos,
1711 1189 1963 1275 CuriOS,
1988 1190 2215 1256 Fabri-

194 1282 350 1366 ciOS,
378 1280 732 1364 Calatinos,
763 1278 1117 1364 Scipiones,
1144 1278 1512 1363 Marcellos,
1538 1277 1890 1344 Maximos!
1931 1300 1969 1343 ο
2000 1301 2214 1344 amen-

195 1375 332 1434 tem
369 1369 664 1452 Paulum,
710 1368 1028 1433 rusticum
1063 1366 1364 1452 Marium,
1407 1367 1653 1432 nullius
1700 1366 1957 1432 consilii
1991 1370 2213 1452 patres

193 1459 432 1523 horum
477 1457 818 1521 amborum
865 1455 1230 1537 consulum,
1278 1456 1392 1539 qui
1437 1455 1932 1540 triumpharint!

112 1566 167 1608 ιε
333 1543 460 1609 Sed
533 1544 840 1627 quoniam
909 1544 1264 1627 praeterita
1335 1547 1589 1608 mutare
1651 1565 1786 1609 non
1847 1565 2213 1628 possumus,
2233 1515 2323 1655 ἓξ

195 1632 354 1716 quid
419 1635 630 1697 cessat
689 1631 797 1696 hic
855 1632 1186 1696 homullus
1251 1653 1331 1696 ex
1394 1631 1631 1717 argilla
1692 1635 1762 1696 et
1825 1632 1965 1696 luto
2018 1632 2213 1697 fictus

199 1720 616 1804 [Epicureus]
674 1719 826 1784 dare
879 1720 1040 1784 haec
1084 1719 1419 1803 praeclara
1462 1723 1811 1805 praecepta
1857 1719 2215 1804 sapientiae

198 1808 561 1874 clarissimo
609 1811 675 1872 et
719 1829 974 1873 summo
1017 1808 1400 1890 imperatori
1446 1828 1685 1893 genero
1734 1809 1898 1873 suo?
1978 1806 2218 1872 Fertur

197 1896 309 1962 ille
354 1896 480 1981 vir,
531 1895 693 1961 mihi
739 1895 952 1979 crede,
997 1895 1236 1982 gloria3
1289 1896 1529 1981 flagrat
1576 1895 1813 1978 [ardet]
1863 1895 2216 1982 cupiditate

115 2008 169 2049 20
195 1986 354 2051 iusti
400 1988 466 2049 et
501 1984 724 2071 magni
760 1984 1094 2069 triumphi.
1167 1983 1322 2049 Non
1359 1984 1587 2049 didicit
1623 1984 1848 2049 eadem
1882 1984 2015 2049 ista
2052 2006 2215 2067 quae

195 2079 287 2138 tu.
369 2072 562 2138 Mitte
603 2074 686 2138 ad
723 2095 874 2137 eum
907 2072 1204 2137 libellum
1241 2075 1326 2157 et,
1372 2072 1430 2137 ni
1465 2073 1599 2138 iam
1634 2072 1775 2157 ipse
1814 2094 2034 2137 coram
2070 2094 2218 2136 con-

195 2160 377 2248 gredi
420 2161 686 2245 poteriS,
735 2161 1066 2245 meditare,
1114 2160 1352 2244 quibus
1396 2160 1615 2225 verbis
1659 2160 1994 2225 incensam
2038 2160 2219 2225 illius

197 2250 620 2334 cupiditatem
651 2249 1042 2333 comprimas
1072 2252 1266 2332 atque
1295 2248 1683 2333 restinguas.
1747 2247 2017 2314 Valebis
2047 2248 2218 2331 apud

150 2415 155 2420 Ι
193 2338 526 2403 hominem
572 2337 959 2403 volitantem
1005 2336 1254 2421 gloriae
1302 2336 1657 2420 cupiditate
1702 2336 1804 2401 vir
1845 2336 2217 2401 moderatus

115 2448 167 2489 25
197 2430 264 2491 et
314 2429 620 2491 constans
630 2475 648 2509 ,
705 2425 874 2509 apud
928 2424 1264 2489 indoctum
1310 2424 1601 2489 eruditus
1608 2476 1627 2507 ,
1691 2423 1862 2509 apud
1906 2445 2219 2510 generum

195 2535 396 2579 socer.
493 2512 691 2579 Dices
746 2512 946 2596 enim,
1004 2516 1082 2575 ut
1136 2533 1206 2576 es
1261 2512 1459 2577 homo
1515 2511 1767 2577 facetus
1824 2512 1903 2576 ad
1958 2534 2219 2597 persua-

195 2601 492 2685 dendum,
531 2601 903 2684 concinnus,
938 2598 1285 2683 perfectus,
1320 2601 1569 2683 politus
1608 2622 1685 2665 ex
1723 2599 1974 2665 schola:
2022 2599 2220 2676 ‘Quid

195 2694 314 2774 est,
353 2689 610 2774 Caesar,
648 2689 819 2773 quod
848 2692 918 2753 te
943 2687 1454 2773 supplicationes
1482 2688 1729 2753 totiens
1759 2688 1892 2751 iam
1920 2687 2217 2753 decretae

196 2781 301 2842 tot
345 2778 594 2842 dierum
641 2780 827 2841 tanto
876 2798 1069 2860 opere
1114 2775 1482 2841 delectent?
1526 2776 1598 2840 in
1644 2775 1881 2859 quibus
1918 2775 2217 2840 homines

113 2889 168 2929 so
196 2887 413 2931 errore
468 2866 818 2949 ducuntur,
883 2886 1044 2949 quas
1100 2864 1166 2927 di
1217 2864 1605 2949 neglegunt3
1669 2864 1806 2948 qui,
1865 2866 1941 2927 ut
1993 2867 2220 2927 noster

196 2954 452 3019 divinus
516 2954 628 3019 ille
691 2952 856 3018 dixit
907 2952 1260 3036 Epicurus,
1321 2973 1531 3035 neque
1588 2951 1860 3035 propitii
1916 2950 2220 3033 cuiquam

197 3064 338 3107 esse
403 3042 618 3108 solent
677 3063 887 3125 neque
942 3039 1137 3105 irati?
1207 3038 1391 3105 —Non
1443 3038 1644 3105 facies
1698 3038 1894 3103 fidem
1950 3037 2219 3121 scilicet,

199 3151 346 3195 cum
419 3129 579 3194 haec
652 3129 1042 3214 disputabis3
1114 3126 1240 3193 tibi
1310 3127 1485 3192 enim
1548 3130 1617 3191 et
1678 3146 1820 3191 esse
1885 3129 1954 3189 et
2014 3124 2218 3189 fuisse

195 3218 445 3283 videbit
505 3218 727 3281 irat-OS.
825 3216 1060 3281 Verte:
1115 3220 1182 3280 te
1237 3217 1321 3281 ad
1375 3216 1654 3280 alteram
1708 3214 2028 3298 scholam3
2090 3213 2216 3277 din-
2238 3224 2309 3273 60

115 3330 169 3372 ⁸⁵
197 3328 374 3373 seres
430 3306 508 3370 de
561 3304 923 3388 triumpho:
977 3303 1169 3379 ‘Quid
1224 3304 1489 3369 tandem
1541 3303 1744 3368 habet
1796 3302 1922 3366 iste
1974 3322 2220 3385 currus,

201 3394 357 3478 quid
409 3393 614 3459 vincti
665 3396 815 3457 ante
863 3413 1122 3456 currum
1168 3392 1390 3477 duces,
1445 3390 1600 3475 quid
1646 3390 1995 3455 simulacra
2042 3389 2219 3475 oppi-

199 3484 455 3566 dorum,
521 3479 677 3565 quid
732 3501 987 3563 aurum,
1043 3480 1198 3563 quid
1254 3483 1627 3565 argentum,
1684 3479 1838 3563 quid
1891 3478 2097 3563 legati
2150 3477 2219 3541 in
