2550 3875
768 208 932 265 (ΞΑΡ.Ι
961 215 1173 264 22—25
1211 216 1242 277 s
1281 217 1510 306 τιὸ-(ξι.
2040 211 2174 276 395

128 373 475 452 tamquam
525 392 764 435 nurum
796 372 1223 456 sequebatur.
1316 370 1370 436 Ο
1421 372 1697 438 miserae
1743 373 2036 438 mulieris
2082 373 2172 438 fe-

131 457 543 522 cunditatem
592 459 1071 524 calamitosam!
1144 458 1404 525 Horum
1447 459 1854 546 flagitiorum
1898 461 2026 526 iste
2063 483 2172 526 ve-

130 545 358 630 stigiis
407 545 629 611 omnia
672 547 1045 632 municipia,
1090 548 1557 632 praefecturae,
1602 549 1910 634 colonias,
1956 553 2171 664 totam

130 633 413 716 denique
460 633 725 699 Italiam
769 635 1099 719 inpressit.

58 747 99 786 s
270 720 699 805 Reliquorum
743 723 1070 789 factorum
1106 723 1265 809 eius,
1310 728 1532 808 patres
1572 725 1946 809 conscripti,
1992 725 2164 790 diffi-
2185 731 2254 780 59

130 808 283 874 cilis
348 814 452 874 est
514 833 669 876 sane
692 811 1153 895 reprehensio
1218 816 1288 877 et
1350 812 1622 877 lubrica.
1721 811 2042 878 Versatus
2097 814 2166 878 in

126 897 312 962 bello
368 900 504 982 est3
560 900 882 964 saturavit
937 921 1006 965 se
1062 901 1378 986 sanguine
1430 900 2018 967 dissimillimorum
2065 903 2166 967 sui

130 985 406 1071 civium3
460 985 619 1052 felix
671 986 827 1072 fuit,
882 988 941 1054 si
985 993 1209 1072 potest
1252 989 1392 1053 ulla
1435 989 1507 1053 in
1551 988 1793 1054 scelere
1839 1010 1982 1054 esse
2029 988 2168 1053 feli-

128 1073 320 1163 citas,
415 1072 542 1139 Sed
596 1075 907 1160 quoniam
938 1077 1287 1142 veteranis
1343 1079 1611 1142 cautum
1657 1098 1798 1141 esse
1844 1077 2165 1160 volumuS,

26 1189 99 1228 ιο
130 1158 536 1246 quamquam
595 1164 932 1230 dissimilis
990 1169 1093 1230 est
1147 1165 1437 1229 militum
1492 1186 1688 1230 causa
1742 1169 1811 1230 et
1865 1169 1982 1229 tua
2039 1129 2166 1249 (illi

130 1250 345 1315 secuti
382 1253 553 1335 sunt,
598 1254 676 1316 tu
712 1251 1029 1337 quaesisti
1066 1251 1345 1339 ducem),
1389 1245 1629 1338 tamen,
1673 1275 1756 1318 ne
1793 1252 1966 1336 apud
2009 1253 2163 1318 illos

128 1359 241 1403 me
303 1337 375 1403 in
425 1303 739 1404 invidiam
791 1362 1010 1425 voces,
1070 1341 1239 1405 nihil
1297 1342 1374 1405 de
1430 1360 1668 1426 genere
1720 1340 1880 1405 belli
1934 1341 2165 1404 dicam.

128 1425 372 1492 Victor
414 1449 451 1492 e
495 1427 835 1493 Thessalia
874 1428 1300 1494 Brundisium
1346 1451 1495 1494 cum
1538 1428 1910 1514 legionibus
1955 1451 2166 1494 rever-

127 1514 298 1581 tisti.
407 1514 512 1579 Ibi
577 1538 680 1582 me
742 1539 878 1582 non
940 1517 1257 1583 occidisti.
1365 1515 1683 1603 Magnum
1744 1516 2162 1582 beneficium!
2209 1549 2216 1556 ·

34 1627 98 1669 ιε
130 1603 430 1687 potuisse
482 1604 657 1668 enim
711 1604 941 1670 fateor.
1034 1605 1449 1690 Quamquam
1491 1626 1684 1670 nemo
1731 1608 1874 1670 erat
1920 1627 2164 1687 eorum,

131 1691 249 1775 qui
293 1695 437 1756 tum
482 1696 702 1757 tecum
744 1692 1038 1776 fuerunt,
1094 1694 1207 1778 qui
1253 1693 1419 1757 mihi
1463 1715 1599 1758 uon
1645 1697 1936 1758 censeret
1979 1694 2162 1778 parci

130 1783 452 1863 oportere.
542 1779 754 1845 Tanta
807 1785 918 1846 est·
958 1781 1133 1846 enim
1180 1782 1421 1846 caritas
1466 1781 1747 1866 patriae,
1801 1786 1879 1847 ut
1922 1783 2160 1846 vestris
2181 1793 2252 1842 60

129 1867 333 1932 etiam
379 1867 747 1955 legionibus
796 1873 1060 1935 sanctus
1109 1882 1339 1954 essem,
1387 1870 1559 1955 quod
1605 1891 1750 1934 eam
1797 1892 1836 1934 a
1880 1891 1984 1934 me
2033 1892 2162 1934 ser-

126 1961 355 2022 vatam
400 1979 542 2023 esse
589 1958 1055 2025 meminissent.
1131 1957 1257 2024 Sed
1304 1956 1410 2024 fac
1454 1959 1521 2023 id
1567 1963 1637 2023 te
1683 1959 1937 2024 dedisse
1979 1959 2161 2043 mihi,

41 2072 101 2111 20
132 2046 308 2130 quod
362 2067 498 2111 non
552 2045 881 2133 ademisti,
934 2068 1166 2131 meque
1213 2069 1254 2112 a
1307 2051 1374 2111 te
1428 2047 1670 2113 habere
1716 2046 1949 2131 vitam,
2007 2047 2162 2131 quia

126 2156 265 2199 non
302 2155 341 2198 a
376 2138 445 2199 te
483 2134 572 2198 sit
609 2137 861 2220 erepta3
896 2135 1166 2201 licuitne
1203 2134 1369 2200 mihi
1403 2158 1523 2220 per
1549 2139 1699 2200 tuas
1729 2134 2160 2200 contumelias

126 2222 256 2287 hoc
302 2226 492 2287 tuum
534 2223 922 2289 beneficium
968 2224 1063 2289 sic
1108 2223 1297 2307 tueri,
1348 2228 1425 2289 ut
1469 2225 1720 2308 tuebar,
1765 2222 2158 2307 praesertim

130 2332 282 2375 cum
327 2314 395 2375 te
438 2310 599 2376 haec
636 2312 1012 2377 auditurum
1047 2311 1344 2377 videres?
1417 2310 1681 2377 Venisti
1715 2310 2158 2397 Brundisium,
2177 2276 2266 2416 ἓξ)

126 2400 201 2463 ιιι
272 2398 489 2463 sinum
553 2400 814 2484 quidem
877 2405 946 2465 et
1006 2400 1079 2464 in
1140 2400 1550 2502 complexum
1613 2404 1767 2465 tuae
1831 2400 2158 2466 mimulae.

47 2512 103 2553 25
135 2486 308 2563 Quid
353 2487 501 2551 est?
553 2510 713 2552 num
759 2488 1086 2553 mentior?
1178 2488 1391 2563 Quam
1436 2489 1747 2554 miserum
1795 2492 1897 2554 est
1940 2489 2009 2553 id
2052 2511 2160 2554 ne-

10 2640 17 2647 ,
129 2596 287 2660 gare
342 2597 476 2640 non
528 2597 749 2660 posse,
808 2576 981 2660 quod
1028 2575 1118 2641 sit
1164 2577 1621 2660 turpissimum
1668 2576 1991 2642 confiteri!
2087 2575 2160 2642 Si

128 2668 197 2729 te
261 2663 764 2748 municipiorum
828 2686 963 2729 non
1024 2663 1341 2749 pudebat,
1404 2682 1500 2731 ne·
1547 2665 1839 2729 veterani
1895 2664 2160 2748 quidem

130 2752 497 2818 exercitus?
586 2752 755 2853 Quis·
796 2752 969 2817 enim
1016 2752 1203 2817 miles
1249 2751 1404 2836 fuit,
1460 2752 1573 2853 qui
1617 2752 1926 2817 Brundisi
1971 2751 2159 2816 illam

128 2863 263 2906 non
304 2840 590 2905 viderit?
648 2840 822 2925 quis,
878 2840 991 2925 qui
1034 2840 1343 2905 nescierit
1387 2841 1641 2905 venisse
1689 2862 1834 2905 eam
1880 2840 2007 2904 tibi
2052 2842 2159 2903 tot

48 2954 101 2995 so
129 2928 382 2994 dierum
424 2930 541 3005 iter
586 2929 848 2993 obviam
894 2927 1346 3014 gratulatum?
1402 2928 1577 3013 quis,
1634 2928 1747 3012 qui
1795 2949 1930 2993 non
1973 2926 2158 2991 indo-

128 3017 328 3082 luerit
381 3022 521 3081 tam
576 3038 722 3082 sero
779 3037 875 3096 se,
932 3038 1127 3099 quam
1179 3037 1463 3100 nequam
1515 3015 1850 3081 hominem
1896 3017 2160 3079 secutus

129 3109 332 3189 esset,
388 3105 826 3190 cognoscere?
915 3104 1149 3169 Italiae
1203 3126 1431 3169 rursus
1479 3102 1884 3188 percursatio
1931 3102 2158 3167 eadem
2177 3114 2247 3163 62

129 3194 368 3259 comite
426 3194 653 3277 mima,
706 3191 776 3257 ιιι
832 3192 1073 3294 oppida
1124 3191 1415 3267 militum
1469 3192 1748 3257 crudelis
1806 3194 1874 3255 et
1919 3189 2161 3255 misera

128 3281 465 3366 deductio,
493 3282 565 3345 in
608 3280 770 3345 urbe
818 3281 977 3363 auri,
1025 3280 1283 3366 argenti
1329 3279 1736 3380 maximeque
1786 3278 1924 3344 vini
1968 3277 2180 3344 foeda
2225 3334 2228 3339 .

52 3394 103 3435 85
131 3370 430 3453 direptio.
521 3368 839 3452 Accessit,
889 3372 966 3433 ut
1012 3367 1289 3434 Caesare
1335 3368 1587 3468 ignar0,
1634 3390 1782 3433 cum
1829 3371 2002 3432 esset
2046 3366 2160 3467 ille

128 3456 588 3540 Alexandriae,
643 3456 959 3522 beneficio
1018 3456 1378 3520 amicorum
1433 3455 1572 3520 eius
1619 3455 1937 3541 magister
1983 3453 2160 3537 equi·

129 3552 272 3612 tum
319 3544 847 3611 constitueretur.
920 3542 1088 3608 Tum
1126 3542 1530 3608 existimavit
1567 3565 1636 3608 se
1676 3565 1793 3609 suo
1830 3542 1972 3607 iure
2011 3564 2163 3607 cum
