<?xml version="1.0" encoding="UTF-8"?>
<!DOCTYPE html PUBLIC "-//W3C//DTD XHTML 1.0 Transitional//EN"
    "http://www.w3.org/TR/xhtml1/DTD/xhtml1-transitional.dtd">
<html xmlns="http://www.w3.org/1999/xhtml" xml:lang="en" lang="en">
 <head>
  <title>
</title>
<meta http-equiv="Content-Type" content="text/html;charset=utf-8" />
  <meta name='ocr-system' content='tesseract 3.04.00' />
  <meta name='ocr-capabilities' content='ocr_page ocr_carea ocr_par ocr_line ocrx_word'/>
</head>
<body>
  <div class='ocr_page' id='page_1' title='image "./scriptaquaemans00mlgoog_0496.png"; bbox 0 0 2550 3875; ppageno 0'>
   <div class='ocr_carea' id='block_1_1' title="bbox 273 156 2063 232">
    <p class='ocr_par' dir='ltr' id='par_1_1' title="bbox 273 156 2063 232">
     <span class='ocr_line' id='line_1_1' title="bbox 273 156 2063 232; baseline -0.012 -1"><span class='ocrx_word' id='word_1_1' title='bbox 273 229 279 232; x_wconf 81' lang='grc'>,</span> <span class='ocrx_word' id='word_1_2' title='bbox 326 163 459 226; x_wconf 80' lang='grc'><strong>360</strong></span> <span class='ocrx_word' id='word_1_3' title='bbox 611 159 691 214; x_wconf 82' lang='grc' dir='ltr'><strong>ΙΝ</strong></span> <span class='ocrx_word' id='word_1_4' title='bbox 727 158 800 212; x_wconf 84' lang='grc' dir='ltr'><strong>Μ.</strong></span> <span class='ocrx_word' id='word_1_5' title='bbox 839 157 1230 213; x_wconf 84' lang='lat' dir='ltr'><strong>ANTONIUM</strong></span> <span class='ocrx_word' id='word_1_6' title='bbox 1268 156 1535 212; x_wconf 85' lang='lat' dir='ltr'><strong>ORATIO</strong></span> <span class='ocrx_word' id='word_1_7' title='bbox 1574 156 1986 212; x_wconf 86' lang='lat' dir='ltr'>PHILIPPICA</span> <span class='ocrx_word' id='word_1_8' title='bbox 2022 157 2063 210; x_wconf 90' lang='lat'><strong>1.</strong></span> 
     </span>
    </p>
   </div>
   <div class='ocr_carea' id='block_1_2' title="bbox 324 314 2363 2509">
    <p class='ocr_par' dir='ltr' id='par_1_2' title="bbox 326 314 2357 884">
     <span class='ocr_line' id='line_1_2' title="bbox 327 314 2356 385; baseline -0.002 -10"><span class='ocrx_word' id='word_1_9' title='bbox 327 319 583 376; x_wconf 78' lang='lat' dir='ltr'>Caesaris</span> <span class='ocrx_word' id='word_1_10' title='bbox 645 317 1036 372; x_wconf 70' lang='lat' dir='ltr'><strong>interfectores</strong></span> <span class='ocrx_word' id='word_1_11' title='bbox 1100 316 1535 380; x_wconf 87' lang='lat' dir='ltr'><strong>descenderunt,</strong></span> <span class='ocrx_word' id='word_1_12' title='bbox 1609 317 1783 372; x_wconf 92' lang='lat' dir='ltr'><strong>Bruto</strong></span> <span class='ocrx_word' id='word_1_13' title='bbox 1846 315 2093 385; x_wconf 88' lang='lat' dir='ltr'><strong>Cretam,</strong></span> <span class='ocrx_word' id='word_1_14' title='bbox 2159 314 2356 371; x_wconf 84' lang='lat' dir='ltr'><strong>Cassio</strong></span> 
     </span>
     <span class='ocr_line' id='line_1_3' title="bbox 327 386 2356 455; baseline -0.002 -11"><span class='ocrx_word' id='word_1_15' title='bbox 327 391 592 455; x_wconf 88' lang='lat' dir='ltr'><strong>Africam,</strong></span> <span class='ocrx_word' id='word_1_16' title='bbox 620 387 899 443; x_wconf 87' lang='lat' dir='ltr'>Trebonio</span> <span class='ocrx_word' id='word_1_17' title='bbox 927 387 1138 455; x_wconf 82' lang='lat' dir='ltr'><strong>Asiam,</strong></span> <span class='ocrx_word' id='word_1_18' title='bbox 1170 387 1392 442; x_wconf 90' lang='lat' dir='ltr'><strong>Cimbro</strong></span> <span class='ocrx_word' id='word_1_19' title='bbox 1422 387 1773 455; x_wconf 84' lang='lat' dir='ltr'><strong>Bithyniam3</strong></span> <span class='ocrx_word' id='word_1_20' title='bbox 1803 387 1869 444; x_wconf 90' lang='lat' dir='ltr'><strong>D.</strong></span> <span class='ocrx_word' id='word_1_21' title='bbox 1899 387 2074 442; x_wconf 91' lang='lat' dir='ltr'><strong>Bruto</strong></span> <span class='ocrx_word' id='word_1_22' title='bbox 2104 386 2356 442; x_wconf 81' lang='lat' dir='ltr'>Galliam</span> 
     </span>
     <span class='ocr_line' id='line_1_4' title="bbox 327 458 2357 541; baseline -0.002 -26"><span class='ocrx_word' id='word_1_23' title='bbox 327 459 646 541; x_wconf 78' lang='lat' dir='ltr'><strong>citeriorem</strong></span> <span class='ocrx_word' id='word_1_24' title='bbox 697 459 890 513; x_wconf 89' lang='lat' dir='ltr'><strong>datam</strong></span> <span class='ocrx_word' id='word_1_25' title='bbox 938 475 974 512; x_wconf 86' lang='lat' dir='ltr'><strong>a</strong></span> <span class='ocrx_word' id='word_1_26' title='bbox 1019 459 1256 512; x_wconf 80' lang='lat' dir='ltr'>Caesare</span> <span class='ocrx_word' id='word_1_27' title='bbox 1304 460 1473 512; x_wconf 89' lang='lat' dir='ltr'><strong>antea</strong></span> <span class='ocrx_word' id='word_1_28' title='bbox 1517 459 1883 513; x_wconf 84' lang='lat' dir='ltr'><strong>confirmavit.</strong></span> <span class='ocrx_word' id='word_1_29' title='bbox 1956 458 2115 513; x_wconf 87' lang='lat' dir='ltr'>Idem</span> <span class='ocrx_word' id='word_1_30' title='bbox 2162 460 2357 512; x_wconf 88' lang='lat' dir='ltr'><strong>tamen</strong></span> 
     </span>
     <span class='ocr_line' id='line_1_5' title="bbox 327 527 2355 600; baseline -0.001 -16"><span class='ocrx_word' id='word_1_31' title='bbox 327 530 491 600; x_wconf 90' lang='lat' dir='ltr'><strong>quasi</strong></span> <span class='ocrx_word' id='word_1_32' title='bbox 527 530 602 585; x_wconf 89' lang='lat' dir='ltr'><strong>ad</strong></span> <span class='ocrx_word' id='word_1_33' title='bbox 639 530 942 584; x_wconf 86' lang='lat' dir='ltr'><strong>sanitatem</strong></span> <span class='ocrx_word' id='word_1_34' title='bbox 976 531 1270 583; x_wconf 85' lang='lat' dir='ltr'><strong>revocatus</strong></span> <span class='ocrx_word' id='word_1_35' title='bbox 1308 527 1539 596; x_wconf 89' lang='lat' dir='ltr'><strong>reliquis</strong></span> <span class='ocrx_word' id='word_1_36' title='bbox 1568 528 1812 584; x_wconf 90' lang='lat' dir='ltr'><strong>diebus</strong></span> <span class='ocrx_word' id='word_1_37' title='bbox 1794 547 1855 582; x_wconf 87' lang='lat'><strong>111</strong></span> <span class='ocrx_word' id='word_1_38' title='bbox 1882 528 2163 599; x_wconf 91' lang='lat' dir='ltr'><strong>Capitolio</strong></span> <span class='ocrx_word' id='word_1_39' title='bbox 2190 545 2355 598; x_wconf 85' lang='lat' dir='ltr'><strong>prae·</strong></span> 
     </span>
     <span class='ocr_line' id='line_1_6' title="bbox 327 549 2353 668; baseline -0.001 -12"><span class='ocrx_word' id='word_1_40' title='bbox 327 603 484 656; x_wconf 86' lang='lat' dir='ltr'><strong>clara</strong></span> <span class='ocrx_word' id='word_1_41' title='bbox 521 602 748 656; x_wconf 89' lang='lat' dir='ltr'><strong>senatus</strong></span> <span class='ocrx_word' id='word_1_42' title='bbox 784 599 1042 656; x_wconf 88' lang='lat' dir='ltr'><strong>consulta</strong></span> <span class='ocrx_word' id='word_1_43' title='bbox 1079 599 1242 666; x_wconf 89' lang='lat' dir='ltr'><strong>fecit,</strong></span> <span class='ocrx_word' id='word_1_44' title='bbox 1292 598 1535 668; x_wconf 90' lang='lat' dir='ltr'><strong>primum</strong></span> <span class='ocrx_word' id='word_1_45' title='bbox 1572 599 1716 654; x_wconf 93' lang='lat' dir='ltr'><strong>illud</strong></span> <span class='ocrx_word' id='word_1_46' title='bbox 1753 616 1784 655; x_wconf 91' lang='lat' dir='ltr'><strong>e</strong></span> <span class='ocrx_word' id='word_1_47' title='bbox 1822 600 1935 655; x_wconf 88' lang='lat' dir='ltr'><strong>Ser.</strong></span> <span class='ocrx_word' id='word_1_48' title='bbox 1960 549 2193 668; x_wconf 86' lang='lat' dir='ltr'><strong>Sulpici</strong></span> <span class='ocrx_word' id='word_1_49' title='bbox 2230 615 2353 654; x_wconf 87' lang='lat' dir='ltr'><strong>sen·</strong></span> 
     </span>
     <span class='ocr_line' id='line_1_7' title="bbox 327 619 2353 741; baseline -0.002 -15"><span class='ocrx_word' id='word_1_50' title='bbox 327 671 525 740; x_wconf 89' lang='lat' dir='ltr'><strong>tentia,</strong></span> <span class='ocrx_word' id='word_1_51' title='bbox 562 688 633 727; x_wconf 90' lang='lat' dir='ltr'><strong>ne</strong></span> <span class='ocrx_word' id='word_1_52' title='bbox 670 689 782 739; x_wconf 89' lang='lat' dir='ltr'><strong>qua</strong></span> <span class='ocrx_word' id='word_1_53' title='bbox 817 673 948 741; x_wconf 90' lang='lat' dir='ltr'><strong>post</strong></span> <span class='ocrx_word' id='word_1_54' title='bbox 983 671 1114 724; x_wconf 90' lang='lat' dir='ltr'><strong>Idus</strong></span> <span class='ocrx_word' id='word_1_55' title='bbox 1150 619 1329 724; x_wconf 82' lang='lat' dir='ltr'><strong>Martp</strong></span> <span class='ocrx_word' id='word_1_56' title='bbox 1354 669 1730 725; x_wconf 88' lang='lat' dir='ltr'><strong>immunitatis</strong></span> <span class='ocrx_word' id='word_1_57' title='bbox 1767 671 1967 725; x_wconf 90' lang='lat' dir='ltr'><strong>tabula</strong></span> <span class='ocrx_word' id='word_1_58' title='bbox 2000 686 2142 725; x_wconf 86' lang='lat' dir='ltr'><strong>neve</strong></span> <span class='ocrx_word' id='word_1_59' title='bbox 2180 669 2353 723; x_wconf 80' lang='lat' dir='ltr'><strong>ullius</strong></span> 
     </span>
     <span class='ocr_line' id='line_1_8' title="bbox 326 739 2354 812; baseline -0.001 -15"><span class='ocrx_word' id='word_1_60' title='bbox 326 742 588 798; x_wconf 84' lang='lat' dir='ltr'><strong>beneficii</strong></span> <span class='ocrx_word' id='word_1_61' title='bbox 631 742 920 812; x_wconf 88' lang='lat' dir='ltr'><strong>figeretur,</strong></span> <span class='ocrx_word' id='word_1_62' title='bbox 969 739 1174 795; x_wconf 89' lang='lat' dir='ltr'><strong>deinde</strong></span> <span class='ocrx_word' id='word_1_63' title='bbox 1220 744 1288 795; x_wconf 91' lang='lat' dir='ltr'><strong>ut</strong></span> <span class='ocrx_word' id='word_1_64' title='bbox 1331 740 1645 795; x_wconf 71' lang='lat' dir='ltr'><strong>dictaturae</strong></span> <span class='ocrx_word' id='word_1_65' title='bbox 1681 757 1887 796; x_wconf 89' lang='lat' dir='ltr'><strong>nomen</strong></span> <span class='ocrx_word' id='word_1_66' title='bbox 1922 741 1983 795; x_wconf 91' lang='lat' dir='ltr'><strong>in</strong></span> <span class='ocrx_word' id='word_1_67' title='bbox 2016 743 2354 810; x_wconf 84' lang='lat' dir='ltr'><strong>perpetuum</strong></span> 
     </span>
     <span class='ocr_line' id='line_1_9' title="bbox 329 783 2352 892; baseline -0.002 -24"><span class='ocrx_word' id='word_1_68' title='bbox 329 829 360 868; x_wconf 90' lang='lat' dir='ltr'><strong>e</strong></span> <span class='ocrx_word' id='word_1_69' title='bbox 423 829 483 868; x_wconf 89' lang='lat' dir='ltr'><strong>re</strong></span> <span class='ocrx_word' id='word_1_70' title='bbox 545 813 778 884; x_wconf 84' lang='lat' dir='ltr'><strong>publica</strong></span> <span class='ocrx_word' id='word_1_71' title='bbox 833 783 1144 867; x_wconf 78' lang='lat' dir='ltr'><strong>toIleretur.</strong></span> <span class='ocrx_word' id='word_1_72' title='bbox 1235 813 1357 865; x_wconf 87' lang='lat' dir='ltr'><strong>Lux</strong></span> <span class='ocrx_word' id='word_1_73' title='bbox 1414 812 1698 892; x_wconf 83' lang='lat' dir='ltr'><strong>quaedam</strong></span> <span class='ocrx_word' id='word_1_74' title='bbox 1760 812 1956 867; x_wconf 88' lang='lat' dir='ltr'><strong>oblata</strong></span> <span class='ocrx_word' id='word_1_75' title='bbox 2023 811 2352 877; x_wconf 76' lang='lat' dir='ltr'><strong>videbatur3</strong></span> 
     </span>
    </p>

    <p class='ocr_par' dir='ltr' id='par_1_3' title="bbox 325 882 2361 2013">
     <span class='ocr_line' id='line_1_10' title="bbox 329 882 2355 953; baseline -0.001 -15"><span class='ocrx_word' id='word_1_76' title='bbox 329 886 499 939; x_wconf 88' lang='lat' dir='ltr'><strong>erecti</strong></span> <span class='ocrx_word' id='word_1_77' title='bbox 543 887 704 940; x_wconf 88' lang='lat' dir='ltr'><strong>erant</strong></span> <span class='ocrx_word' id='word_1_78' title='bbox 750 899 849 953; x_wconf 91' lang='lat' dir='ltr'><strong>spe</strong></span> <span class='ocrx_word' id='word_1_79' title='bbox 894 883 1176 937; x_wconf 75' lang='lat' dir='ltr'><strong>libertatis</strong></span> <span class='ocrx_word' id='word_1_80' title='bbox 1223 884 1282 936; x_wconf 88' lang='lat' dir='ltr'><strong>et</strong></span> <span class='ocrx_word' id='word_1_81' title='bbox 1326 882 1433 937; x_wconf 90' lang='lat' dir='ltr'><strong>otii</strong></span> <span class='ocrx_word' id='word_1_82' title='bbox 1476 884 1749 937; x_wconf 91' lang='lat' dir='ltr'><strong>bonorum</strong></span> <span class='ocrx_word' id='word_1_83' title='bbox 1794 882 1991 950; x_wconf 81' lang='lat' dir='ltr'><strong>animi3</strong></span> <span class='ocrx_word' id='word_1_84' title='bbox 2040 883 2355 937; x_wconf 86' lang='lat' dir='ltr'><strong>constituta</strong></span> 
     </span>
     <span class='ocr_line' id='line_1_11' title="bbox 326 951 2356 1024; baseline -0.001 -16"><span class='ocrx_word' id='word_1_85' title='bbox 326 972 416 1010; x_wconf 88' lang='lat' dir='ltr'><strong>res</strong></span> <span class='ocrx_word' id='word_1_86' title='bbox 469 955 700 1024; x_wconf 89' lang='lat' dir='ltr'><strong>publica</strong></span> <span class='ocrx_word' id='word_1_87' title='bbox 751 953 1076 1024; x_wconf 89' lang='lat' dir='ltr'><strong>putabatur.</strong></span> <span class='ocrx_word' id='word_1_88' title='bbox 1159 952 1271 1007; x_wconf 88' lang='lat' dir='ltr'><strong>Sed</strong></span> <span class='ocrx_word' id='word_1_89' title='bbox 1326 952 1441 1007; x_wconf 91' lang='lat' dir='ltr'><strong>cito</strong></span> <span class='ocrx_word' id='word_1_90' title='bbox 1492 952 1592 1007; x_wconf 86' lang='lat' dir='ltr'><strong>ille</strong></span> <span class='ocrx_word' id='word_1_91' title='bbox 1648 952 2066 1008; x_wconf 83' lang='lat' dir='ltr'><strong>simulationem</strong></span> <span class='ocrx_word' id='word_1_92' title='bbox 2122 951 2356 1007; x_wconf 82' lang='lat' dir='ltr'><strong>sustulit</strong></span> 
     </span>
     <span class='ocr_line' id='line_1_12' title="bbox 329 1021 2355 1095; baseline -0.001 -16"><span class='ocrx_word' id='word_1_93' title='bbox 329 1025 528 1095; x_wconf 90' lang='lat' dir='ltr'><strong>suique</strong></span> <span class='ocrx_word' id='word_1_94' title='bbox 575 1024 775 1080; x_wconf 89' lang='lat' dir='ltr'><strong>similis</strong></span> <span class='ocrx_word' id='word_1_95' title='bbox 819 1027 969 1079; x_wconf 85' lang='lat' dir='ltr'><strong>visus</strong></span> <span class='ocrx_word' id='word_1_96' title='bbox 1018 1026 1118 1078; x_wconf 89' lang='lat' dir='ltr'><strong>est.</strong></span> <span class='ocrx_word' id='word_1_97' title='bbox 1194 1022 1403 1077; x_wconf 88' lang='lat' dir='ltr'><strong>Habito</strong></span> <span class='ocrx_word' id='word_1_98' title='bbox 1444 1023 1594 1078; x_wconf 89' lang='lat' dir='ltr'><strong>enim</strong></span> <span class='ocrx_word' id='word_1_99' title='bbox 1630 1023 1903 1079; x_wconf 83' lang='lat' dir='ltr'><strong>Kalendis</strong></span> <span class='ocrx_word' id='word_1_100' title='bbox 1939 1021 2117 1078; x_wconf 88' lang='lat' dir='ltr'><strong>Iuniis</strong></span> <span class='ocrx_word' id='word_1_101' title='bbox 2156 1025 2355 1078; x_wconf 86' lang='lat' dir='ltr'><strong>senatu</strong></span> 
     </span>
     <span class='ocr_line' id='line_1_13' title="bbox 328 1093 2357 1165; baseline -0.001 -16"><span class='ocrx_word' id='word_1_102' title='bbox 328 1114 441 1151; x_wconf 91' lang='lat' dir='ltr'><strong>non</strong></span> <span class='ocrx_word' id='word_1_103' title='bbox 487 1113 614 1151; x_wconf 91' lang='lat' dir='ltr'><strong>eum</strong></span> <span class='ocrx_word' id='word_1_104' title='bbox 659 1112 828 1165; x_wconf 89' lang='lat' dir='ltr'><strong>quem</strong></span> <span class='ocrx_word' id='word_1_105' title='bbox 873 1100 1042 1149; x_wconf 85' lang='lat' dir='ltr'><strong>antea</strong></span> <span class='ocrx_word' id='word_1_106' title='bbox 1087 1094 1158 1148; x_wconf 91' lang='lat' dir='ltr'><strong>de</strong></span> <span class='ocrx_word' id='word_1_107' title='bbox 1204 1110 1263 1149; x_wconf 91' lang='lat' dir='ltr'><strong>re</strong></span> <span class='ocrx_word' id='word_1_108' title='bbox 1310 1093 1543 1162; x_wconf 88' lang='lat' dir='ltr'><strong>publica</strong></span> <span class='ocrx_word' id='word_1_109' title='bbox 1588 1110 1813 1148; x_wconf 89' lang='lat' dir='ltr'><strong>sensum</strong></span> <span class='ocrx_word' id='word_1_110' title='bbox 1854 1111 1959 1149; x_wconf 89' lang='lat' dir='ltr'><strong>nec</strong></span> <span class='ocrx_word' id='word_1_111' title='bbox 2004 1094 2357 1162; x_wconf 85' lang='lat' dir='ltr'><strong>superiorum</strong></span> 
     </span>
     <span class='ocr_line' id='line_1_14' title="bbox 328 1163 2357 1221; baseline -0.001 -1"><span class='ocrx_word' id='word_1_112' title='bbox 328 1167 544 1221; x_wconf 87' lang='lat' dir='ltr'><strong>dierum</strong></span> <span class='ocrx_word' id='word_1_113' title='bbox 580 1168 723 1221; x_wconf 91' lang='lat' dir='ltr'><strong>actis</strong></span> <span class='ocrx_word' id='word_1_114' title='bbox 761 1164 1207 1220; x_wconf 82' lang='lat' dir='ltr'><strong>consentientem</strong></span> <span class='ocrx_word' id='word_1_115' title='bbox 1244 1164 1594 1219; x_wconf 83' lang='lat' dir='ltr'><strong>voluntatem</strong></span> <span class='ocrx_word' id='word_1_116' title='bbox 1625 1165 1891 1220; x_wconf 88' lang='lat' dir='ltr'><strong>ostendit.</strong></span> <span class='ocrx_word' id='word_1_117' title='bbox 1957 1163 2119 1218; x_wconf 89' lang='lat' dir='ltr'><strong>Nihil</strong></span> <span class='ocrx_word' id='word_1_118' title='bbox 2147 1163 2357 1219; x_wconf 88' lang='lat' dir='ltr'><strong>deinde</strong></span> 
     </span>
     <span class='ocr_line' id='line_1_15' title="bbox 327 1235 2357 1304; baseline -0.002 -12"><span class='ocrx_word' id='word_1_119' title='bbox 327 1238 400 1292; x_wconf 90' lang='lat' dir='ltr'><strong>ad</strong></span> <span class='ocrx_word' id='word_1_120' title='bbox 436 1241 694 1292; x_wconf 87' lang='lat' dir='ltr'><strong>senatum</strong></span> <span class='ocrx_word' id='word_1_121' title='bbox 727 1236 1033 1300; x_wconf 80' lang='lat' dir='ltr'><strong>referebat;</strong></span> <span class='ocrx_word' id='word_1_122' title='bbox 1071 1251 1172 1304; x_wconf 90' lang='lat' dir='ltr'><strong>per</strong></span> <span class='ocrx_word' id='word_1_123' title='bbox 1196 1235 1482 1304; x_wconf 86' lang='lat' dir='ltr'><strong>populum,</strong></span> <span class='ocrx_word' id='word_1_124' title='bbox 1521 1235 1580 1289; x_wconf 90' lang='lat' dir='ltr'><strong>id</strong></span> <span class='ocrx_word' id='word_1_125' title='bbox 1608 1238 1696 1290; x_wconf 88' lang='lat' dir='ltr'><strong>est</strong></span> <span class='ocrx_word' id='word_1_126' title='bbox 1721 1251 1823 1304; x_wconf 89' lang='lat' dir='ltr'><strong>per</strong></span> <span class='ocrx_word' id='word_1_127' title='bbox 1848 1235 2099 1290; x_wconf 86' lang='lat' dir='ltr'><strong>infimam</strong></span> <span class='ocrx_word' id='word_1_128' title='bbox 2128 1252 2357 1304; x_wconf 89' lang='lat' dir='ltr'><strong>corrup-</strong></span> 
     </span>
     <span class='ocr_line' id='line_1_16' title="bbox 327 1305 2359 1377; baseline -0 -16"><span class='ocrx_word' id='word_1_129' title='bbox 327 1311 554 1377; x_wconf 89' lang='lat' dir='ltr'><strong>tamque</strong></span> <span class='ocrx_word' id='word_1_130' title='bbox 626 1307 876 1377; x_wconf 89' lang='lat' dir='ltr'><strong>plebem,</strong></span> <span class='ocrx_word' id='word_1_131' title='bbox 941 1307 1266 1374; x_wconf 88' lang='lat' dir='ltr'><strong>contempta</strong></span> <span class='ocrx_word' id='word_1_132' title='bbox 1338 1305 1673 1374; x_wconf 86' lang='lat' dir='ltr'><strong>amplissimi</strong></span> <span class='ocrx_word' id='word_1_133' title='bbox 1734 1306 1945 1361; x_wconf 90' lang='lat' dir='ltr'><strong>ordinis</strong></span> <span class='ocrx_word' id='word_1_134' title='bbox 2010 1307 2359 1360; x_wconf 87' lang='lat' dir='ltr'><strong>auctoritate</strong></span> 
     </span>
     <span class='ocr_line' id='line_1_17' title="bbox 327 1376 2358 1448; baseline -0.001 -15"><span class='ocrx_word' id='word_1_135' title='bbox 327 1379 538 1448; x_wconf 87' lang='lat' dir='ltr'><strong>agebat</strong></span> <span class='ocrx_word' id='word_1_136' title='bbox 589 1378 779 1433; x_wconf 90' lang='lat' dir='ltr'><strong>omnia</strong></span> <span class='ocrx_word' id='word_1_137' title='bbox 823 1379 1020 1432; x_wconf 86' lang='lat' dir='ltr'><strong>contra</strong></span> <span class='ocrx_word' id='word_1_138' title='bbox 1065 1379 1293 1431; x_wconf 90' lang='lat' dir='ltr'><strong>senatus</strong></span> <span class='ocrx_word' id='word_1_139' title='bbox 1340 1376 1681 1444; x_wconf 87' lang='lat' dir='ltr'><strong>consultum,</strong></span> <span class='ocrx_word' id='word_1_140' title='bbox 1730 1378 1882 1445; x_wconf 89' lang='lat' dir='ltr'><strong>quod</strong></span> <span class='ocrx_word' id='word_1_141' title='bbox 1928 1377 2053 1446; x_wconf 89' lang='lat' dir='ltr'><strong>ipse</strong></span> <span class='ocrx_word' id='word_1_142' title='bbox 2097 1376 2224 1432; x_wconf 88' lang='lat' dir='ltr'><strong>fieri</strong></span> <span class='ocrx_word' id='word_1_143' title='bbox 2259 1393 2358 1431; x_wconf 81' lang='lat' dir='ltr'><strong>vo·</strong></span> 
     </span>
     <span class='ocr_line' id='line_1_18' title="bbox 325 1446 2358 1516; baseline -0.001 -12"><span class='ocrx_word' id='word_1_144' title='bbox 325 1451 524 1506; x_wconf 87' lang='lat' dir='ltr'><strong>luerat</strong></span> <span class='ocrx_word' id='word_1_145' title='bbox 561 1449 788 1502; x_wconf 85' lang='lat' dir='ltr'><strong>tabulas</strong></span> <span class='ocrx_word' id='word_1_146' title='bbox 825 1448 1055 1516; x_wconf 86' lang='lat' dir='ltr'><strong>figebat,</strong></span> <span class='ocrx_word' id='word_1_147' title='bbox 1093 1448 1382 1502; x_wconf 83' lang='lat' dir='ltr'><strong>civitatem</strong></span> <span class='ocrx_word' id='word_1_148' title='bbox 1407 1446 1902 1516; x_wconf 87' lang='lat' dir='ltr'><strong>immunitatesque</strong></span> <span class='ocrx_word' id='word_1_149' title='bbox 1930 1447 2125 1514; x_wconf 90' lang='lat' dir='ltr'><strong>dabat,</strong></span> <span class='ocrx_word' id='word_1_150' title='bbox 2163 1449 2358 1502; x_wconf 85' lang='lat' dir='ltr'><strong>exules</strong></span> 
     </span>
     <span class='ocr_line' id='line_1_19' title="bbox 325 1507 2360 1588; baseline -0.001 -14"><span class='ocrx_word' id='word_1_151' title='bbox 325 1507 656 1585; x_wconf 82' lang='lat' dir='ltr'><strong>reducebat,</strong></span> <span class='ocrx_word' id='word_1_152' title='bbox 704 1535 880 1586; x_wconf 91' lang='lat' dir='ltr'><strong>eaque</strong></span> <span class='ocrx_word' id='word_1_153' title='bbox 927 1533 987 1572; x_wconf 89' lang='lat' dir='ltr'><strong>se</strong></span> <span class='ocrx_word' id='word_1_154' title='bbox 1023 1517 1210 1573; x_wconf 88' lang='lat' dir='ltr'><strong>facere</strong></span> <span class='ocrx_word' id='word_1_155' title='bbox 1247 1517 1440 1572; x_wconf 87' lang='lat' dir='ltr'><strong>omnia</strong></span> <span class='ocrx_word' id='word_1_156' title='bbox 1475 1518 1702 1573; x_wconf 85' lang='lat' dir='ltr'><strong>dicebat</strong></span> <span class='ocrx_word' id='word_1_157' title='bbox 1736 1535 1803 1573; x_wconf 88' lang='lat' dir='ltr'><strong>ex</strong></span> <span class='ocrx_word' id='word_1_158' title='bbox 1839 1519 2061 1588; x_wconf 88' lang='lat' dir='ltr'><strong>legibus</strong></span> <span class='ocrx_word' id='word_1_159' title='bbox 2099 1518 2360 1574; x_wconf 84' lang='lat' dir='ltr'><strong>Caesaris</strong></span> 
     </span>
     <span class='ocr_line' id='line_1_20' title="bbox 327 1587 2357 1658; baseline 0 -14"><span class='ocrx_word' id='word_1_160' title='bbox 327 1592 430 1644; x_wconf 92' lang='lat' dir='ltr'><strong>aut</strong></span> <span class='ocrx_word' id='word_1_161' title='bbox 465 1607 534 1645; x_wconf 88' lang='lat' dir='ltr'><strong>ex</strong></span> <span class='ocrx_word' id='word_1_162' title='bbox 569 1590 690 1644; x_wconf 90' lang='lat' dir='ltr'><strong>eius</strong></span> <span class='ocrx_word' id='word_1_163' title='bbox 727 1587 1160 1644; x_wconf 87' lang='lat' dir='ltr'><strong>commentariis.</strong></span> <span class='ocrx_word' id='word_1_164' title='bbox 1235 1591 1379 1642; x_wconf 89' lang='lat' dir='ltr'><strong>Tum</strong></span> <span class='ocrx_word' id='word_1_165' title='bbox 1416 1588 1610 1644; x_wconf 88' lang='lat' dir='ltr'><strong>Cicero</strong></span> <span class='ocrx_word' id='word_1_166' title='bbox 1649 1589 1951 1658; x_wconf 86' lang='lat' dir='ltr'><strong>desperata</strong></span> <span class='ocrx_word' id='word_1_167' title='bbox 1985 1607 2215 1658; x_wconf 88' lang='lat' dir='ltr'><strong>prorsus</strong></span> <span class='ocrx_word' id='word_1_168' title='bbox 2242 1589 2357 1644; x_wconf 85' lang='lat' dir='ltr'><strong>An-</strong></span> 
     </span>
     <span class='ocr_line' id='line_1_21' title="bbox 326 1659 2361 1728; baseline -0 -13"><span class='ocrx_word' id='word_1_169' title='bbox 326 1661 482 1716; x_wconf 92' lang='lat' dir='ltr'><strong>tonio</strong></span> <span class='ocrx_word' id='word_1_170' title='bbox 530 1659 757 1715; x_wconf 86' lang='lat' dir='ltr'><strong>consule</strong></span> <span class='ocrx_word' id='word_1_171' title='bbox 803 1659 1068 1713; x_wconf 86' lang='lat' dir='ltr'><strong>libertate</strong></span> <span class='ocrx_word' id='word_1_172' title='bbox 1112 1659 1309 1712; x_wconf 90' lang='lat' dir='ltr'><strong>urbem</strong></span> <span class='ocrx_word' id='word_1_173' title='bbox 1352 1659 1588 1728; x_wconf 88' lang='lat' dir='ltr'><strong>reliquit</strong></span> <span class='ocrx_word' id='word_1_174' title='bbox 1628 1659 1691 1714; x_wconf 88' lang='lat' dir='ltr'><strong>in</strong></span> <span class='ocrx_word' id='word_1_175' title='bbox 1726 1659 2022 1715; x_wconf 80' lang='lat' dir='ltr'><strong>Graeciam</strong></span> <span class='ocrx_word' id='word_1_176' title='bbox 2066 1661 2249 1714; x_wconf 87' lang='lat' dir='ltr'><strong>iturus</strong></span> <span class='ocrx_word' id='word_1_177' title='bbox 2286 1676 2361 1714; x_wconf 81' lang='lat' dir='ltr'><strong>ea</strong></span> 
     </span>
     <span class='ocr_line' id='line_1_22' title="bbox 327 1729 2359 1798; baseline 0 -14"><span class='ocrx_word' id='word_1_178' title='bbox 327 1733 540 1797; x_wconf 90' lang='lat' dir='ltr'><strong>mente,</strong></span> <span class='ocrx_word' id='word_1_179' title='bbox 587 1733 653 1784; x_wconf 90' lang='lat' dir='ltr'><strong>ut</strong></span> <span class='ocrx_word' id='word_1_180' title='bbox 697 1729 968 1784; x_wconf 87' lang='lat' dir='ltr'><strong>Kalendis</strong></span> <span class='ocrx_word' id='word_1_181' title='bbox 1016 1729 1315 1798; x_wconf 85' lang='lat' dir='ltr'><strong>Ianuariis,</strong></span> <span class='ocrx_word' id='word_1_182' title='bbox 1364 1746 1475 1798; x_wconf 91' lang='lat' dir='ltr'><strong>quo</strong></span> <span class='ocrx_word' id='word_1_183' title='bbox 1525 1730 1614 1784; x_wconf 92' lang='lat' dir='ltr'><strong>die</strong></span> <span class='ocrx_word' id='word_1_184' title='bbox 1652 1730 1839 1785; x_wconf 85' lang='lat' dir='ltr'><strong>Pansa</strong></span> <span class='ocrx_word' id='word_1_185' title='bbox 1873 1733 1933 1786; x_wconf 91' lang='lat' dir='ltr'><strong>et</strong></span> <span class='ocrx_word' id='word_1_186' title='bbox 1967 1731 2189 1785; x_wconf 85' lang='lat' dir='ltr'><strong>Hirtius</strong></span> <span class='ocrx_word' id='word_1_187' title='bbox 2227 1747 2359 1785; x_wconf 87' lang='lat' dir='ltr'><strong>con·</strong></span> 
     </span>
     <span class='ocr_line' id='line_1_23' title="bbox 329 1800 2357 1868; baseline 0 -12"><span class='ocrx_word' id='word_1_188' title='bbox 329 1802 575 1856; x_wconf 88' lang='lat' dir='ltr'><strong>sulatum</strong></span> <span class='ocrx_word' id='word_1_189' title='bbox 611 1801 810 1856; x_wconf 90' lang='lat' dir='ltr'><strong>inituri</strong></span> <span class='ocrx_word' id='word_1_190' title='bbox 847 1803 1027 1868; x_wconf 89' lang='lat' dir='ltr'><strong>erant,</strong></span> <span class='ocrx_word' id='word_1_191' title='bbox 1065 1801 1306 1855; x_wconf 89' lang='lat' dir='ltr'><strong>adesset.</strong></span> <span class='ocrx_word' id='word_1_192' title='bbox 1382 1802 1501 1855; x_wconf 88' lang='lat' dir='ltr'><strong>Nec</strong></span> <span class='ocrx_word' id='word_1_193' title='bbox 1538 1803 1730 1854; x_wconf 88' lang='lat' dir='ltr'><strong>tamen</strong></span> <span class='ocrx_word' id='word_1_194' title='bbox 1765 1801 1875 1855; x_wconf 87' lang='lat' dir='ltr'><strong>iter</strong></span> <span class='ocrx_word' id='word_1_195' title='bbox 1910 1801 2057 1855; x_wconf 91' lang='lat' dir='ltr'><strong>illud</strong></span> <span class='ocrx_word' id='word_1_196' title='bbox 2086 1800 2357 1856; x_wconf 81' lang='lat' dir='ltr'><strong>absolvit.</strong></span> 
     </span>
     <span class='ocr_line' id='line_1_24' title="bbox 325 1871 2358 1943; baseline -0.001 -16"><span class='ocrx_word' id='word_1_197' title='bbox 325 1873 472 1927; x_wconf 88' lang='lat' dir='ltr'><strong>Nam</strong></span> <span class='ocrx_word' id='word_1_198' title='bbox 507 1873 887 1943; x_wconf 88' lang='lat' dir='ltr'><strong>Leucopetrae</strong></span> <span class='ocrx_word' id='word_1_199' title='bbox 933 1872 1172 1926; x_wconf 79' lang='lat' dir='ltr'><strong>adversa</strong></span> <span class='ocrx_word' id='word_1_200' title='bbox 1211 1873 1551 1941; x_wconf 87' lang='lat' dir='ltr'><strong>tempestate</strong></span> <span class='ocrx_word' id='word_1_201' title='bbox 1591 1872 1850 1926; x_wconf 88' lang='lat' dir='ltr'><strong>detentus</strong></span> <span class='ocrx_word' id='word_1_202' title='bbox 1887 1872 1958 1927; x_wconf 91' lang='lat' dir='ltr'><strong>ab</strong></span> <span class='ocrx_word' id='word_1_203' title='bbox 1996 1872 2095 1939; x_wconf 88' lang='lat' dir='ltr'><strong>iis,</strong></span> <span class='ocrx_word' id='word_1_204' title='bbox 2145 1871 2246 1941; x_wconf 90' lang='lat' dir='ltr'><strong>qui</strong></span> <span class='ocrx_word' id='word_1_205' title='bbox 2282 1872 2358 1926; x_wconf 84' lang='lat' dir='ltr'><strong>ab</strong></span> 
     </span>
     <span class='ocr_line' id='line_1_25' title="bbox 328 1942 2358 2013; baseline -0 -15"><span class='ocrx_word' id='word_1_206' title='bbox 328 1946 462 1999; x_wconf 90' lang='lat' dir='ltr'><strong>urbe</strong></span> <span class='ocrx_word' id='word_1_207' title='bbox 500 1948 796 2012; x_wconf 83' lang='lat' dir='ltr'><strong>venerant,</strong></span> <span class='ocrx_word' id='word_1_208' title='bbox 835 1945 894 1998; x_wconf 92' lang='lat' dir='ltr'><strong>et</strong></span> <span class='ocrx_word' id='word_1_209' title='bbox 930 1942 1250 1997; x_wconf 88' lang='lat' dir='ltr'><strong>contionem</strong></span> <span class='ocrx_word' id='word_1_210' title='bbox 1288 1943 1509 2011; x_wconf 82' lang='lat' dir='ltr'><strong>accepit</strong></span> <span class='ocrx_word' id='word_1_211' title='bbox 1547 1942 1773 2010; x_wconf 88' lang='lat' dir='ltr'><strong>Antoni,</strong></span> <span class='ocrx_word' id='word_1_212' title='bbox 1812 1959 1984 2010; x_wconf 89' lang='lat' dir='ltr'><strong>quam</strong></span> <span class='ocrx_word' id='word_1_213' title='bbox 2019 1943 2189 1998; x_wconf 85' lang='lat' dir='ltr'><strong>valde</strong></span> <span class='ocrx_word' id='word_1_214' title='bbox 2226 1960 2358 2013; x_wconf 89' lang='lat' dir='ltr'><strong>pro—</strong></span> 
     </span>
    </p>

    <p class='ocr_par' dir='ltr' id='par_1_4' title="bbox 324 1989 2361 2367">
     <span class='ocr_line' id='line_1_26' title="bbox 324 1989 2361 2094; baseline -0.002 -23"><span class='ocrx_word' id='word_1_215' title='bbox 324 2016 499 2084; x_wconf 82' lang='lat' dir='ltr'><strong>bavit,</strong></span> <span class='ocrx_word' id='word_1_216' title='bbox 537 2018 597 2071; x_wconf 90' lang='lat' dir='ltr'><strong>et</strong></span> <span class='ocrx_word' id='word_1_217' title='bbox 633 2015 750 2070; x_wconf 91' lang='lat' dir='ltr'><strong>alia</strong></span> <span class='ocrx_word' id='word_1_218' title='bbox 783 1989 1068 2084; x_wconf 77' lang='lat' dir='ltr'><strong>⁷cognovit,</strong></span> <span class='ocrx_word' id='word_1_219' title='bbox 1107 2016 1264 2094; x_wconf 45' lang='lat' dir='ltr'><strong>unde·</strong></span> <span class='ocrx_word' id='word_1_220' title='bbox 1291 2013 1609 2068; x_wconf 83' lang='lat' dir='ltr'><strong>revertendi</strong></span> <span class='ocrx_word' id='word_1_221' title='bbox 1647 2014 1947 2069; x_wconf 89' lang='lat' dir='ltr'><strong>consilium</strong></span> <span class='ocrx_word' id='word_1_222' title='bbox 1981 2014 2151 2083; x_wconf 90' lang='lat' dir='ltr'><strong>cepit.</strong></span> <span class='ocrx_word' id='word_1_223' title='bbox 2220 2014 2361 2069; x_wconf 88' lang='lat' dir='ltr'><strong>Post</strong></span> 
     </span>
     <span class='ocr_line' id='line_1_27' title="bbox 324 2083 2361 2155; baseline -0.001 -14"><span class='ocrx_word' id='word_1_224' title='bbox 324 2086 699 2141; x_wconf 80' lang='lat' dir='ltr'><strong>reversionem</strong></span> <span class='ocrx_word' id='word_1_225' title='bbox 737 2104 768 2139; x_wconf 91' lang='lat' dir='ltr'><strong>e</strong></span> <span class='ocrx_word' id='word_1_226' title='bbox 804 2086 902 2139; x_wconf 80' lang='lat' dir='ltr'><strong>via</strong></span> <span class='ocrx_word' id='word_1_227' title='bbox 936 2085 1212 2153; x_wconf 89' lang='lat' dir='ltr'><strong>languens</strong></span> <span class='ocrx_word' id='word_1_228' title='bbox 1248 2083 1309 2137; x_wconf 89' lang='lat' dir='ltr'><strong>in</strong></span> <span class='ocrx_word' id='word_1_229' title='bbox 1346 2087 1618 2153; x_wconf 88' lang='lat' dir='ltr'><strong>senatum,</strong></span> <span class='ocrx_word' id='word_1_230' title='bbox 1657 2085 1757 2152; x_wconf 92' lang='lat' dir='ltr'><strong>qui</strong></span> <span class='ocrx_word' id='word_1_231' title='bbox 1792 2084 2063 2139; x_wconf 74' lang='lat' dir='ltr'><strong>Kalendis</strong></span> <span class='ocrx_word' id='word_1_232' title='bbox 2100 2084 2257 2155; x_wconf 84' lang='lat' dir='ltr'><strong>Sept.</strong></span> <span class='ocrx_word' id='word_1_233' title='bbox 2296 2084 2361 2138; x_wconf 90' lang='lat' dir='ltr'><strong>in</strong></span> 
     </span>
     <span class='ocr_line' id='line_1_28' title="bbox 327 2155 2359 2235; baseline -0 -24"><span class='ocrx_word' id='word_1_234' title='bbox 327 2159 466 2211; x_wconf 90' lang='lat' dir='ltr'><strong>aede</strong></span> <span class='ocrx_word' id='word_1_235' title='bbox 503 2155 849 2211; x_wconf 87' lang='lat' dir='ltr'><strong>Concordiae</strong></span> <span class='ocrx_word' id='word_1_236' title='bbox 884 2155 1225 2221; x_wconf 87' lang='lat' dir='ltr'><strong>habebatur,</strong></span> <span class='ocrx_word' id='word_1_237' title='bbox 1271 2171 1385 2209; x_wconf 89' lang='lat' dir='ltr'><strong>non</strong></span> <span class='ocrx_word' id='word_1_238' title='bbox 1423 2156 1593 2209; x_wconf 83' lang='lat' dir='ltr'><strong>venit.</strong></span> <span class='ocrx_word' id='word_1_239' title='bbox 1669 2155 1790 2221; x_wconf 84' lang='lat' dir='ltr'><strong>Quo</strong></span> <span class='ocrx_word' id='word_1_240' title='bbox 1827 2157 2076 2235; x_wconf 85' lang='lat' dir='ltr'><strong>graviter</strong></span> <span class='ocrx_word' id='word_1_241' title='bbox 2112 2171 2359 2211; x_wconf 86' lang='lat' dir='ltr'><strong>commo-</strong></span> 
     </span>
     <span class='ocr_line' id='line_1_29' title="bbox 325 2225 2359 2282; baseline -0 0"><span class='ocrx_word' id='word_1_242' title='bbox 325 2230 417 2282; x_wconf 91' lang='lat' dir='ltr'><strong>tus</strong></span> <span class='ocrx_word' id='word_1_243' title='bbox 446 2228 724 2281; x_wconf 89' lang='lat' dir='ltr'><strong>Antonius</strong></span> <span class='ocrx_word' id='word_1_244' title='bbox 760 2226 950 2281; x_wconf 86' lang='lat' dir='ltr'><strong>fabros</strong></span> <span class='ocrx_word' id='word_1_245' title='bbox 990 2241 1050 2279; x_wconf 88' lang='lat' dir='ltr'><strong>se</strong></span> <span class='ocrx_word' id='word_1_246' title='bbox 1077 2225 1379 2279; x_wconf 89' lang='lat' dir='ltr'><strong>missurum</strong></span> <span class='ocrx_word' id='word_1_247' title='bbox 1406 2228 1467 2279; x_wconf 90' lang='lat' dir='ltr'><strong>et</strong></span> <span class='ocrx_word' id='word_1_248' title='bbox 1494 2225 1723 2279; x_wconf 86' lang='lat' dir='ltr'><strong>domum</strong></span> <span class='ocrx_word' id='word_1_249' title='bbox 1752 2228 1871 2281; x_wconf 91' lang='lat' dir='ltr'><strong>eius</strong></span> <span class='ocrx_word' id='word_1_250' title='bbox 1902 2225 2359 2281; x_wconf 86' lang='lat' dir='ltr'><strong>disturbaturum</strong></span> 
     </span>
     <span class='ocr_line' id='line_1_30' title="bbox 328 2295 2358 2379; baseline 0 -28"><span class='ocrx_word' id='word_1_251' title='bbox 328 2297 592 2352; x_wconf 88' lang='lat' dir='ltr'><strong>audiente</strong></span> <span class='ocrx_word' id='word_1_252' title='bbox 658 2302 856 2351; x_wconf 81' lang='lat' dir='ltr'><strong>senatu</strong></span> <span class='ocrx_word' id='word_1_253' title='bbox 915 2296 1077 2351; x_wconf 83' lang='lat' dir='ltr'><strong>dixit.</strong></span> <span class='ocrx_word' id='word_1_254' title='bbox 1163 2296 1470 2361; x_wconf 87' lang='lat' dir='ltr'><strong>Postridie,</strong></span> <span class='ocrx_word' id='word_1_255' title='bbox 1534 2295 1595 2348; x_wconf 90' lang='lat' dir='ltr'><strong>id</strong></span> <span class='ocrx_word' id='word_1_256' title='bbox 1658 2298 1747 2351; x_wconf 90' lang='lat' dir='ltr'><strong>est</strong></span> <span class='ocrx_word' id='word_1_257' title='bbox 1800 2298 1876 2351; x_wconf 93' lang='lat' dir='ltr'><strong>IV</strong></span> <span class='ocrx_word' id='word_1_258' title='bbox 1930 2296 2123 2352; x_wconf 86' lang='lat' dir='ltr'><strong>Nonas</strong></span> <span class='ocrx_word' id='word_1_259' title='bbox 2182 2297 2358 2379; x_wconf 89' lang='lat' dir='ltr'><strong>Sept,</strong></span> 
     </span>
    </p>

    <p class='ocr_par' dir='ltr' id='par_1_5' title="bbox 325 2366 2363 2509">
     <span class='ocr_line' id='line_1_31' title="bbox 327 2366 2363 2436; baseline -0 -13"><span class='ocrx_word' id='word_1_260' title='bbox 327 2368 520 2423; x_wconf 87' lang='lat' dir='ltr'><strong>Cicero</strong></span> <span class='ocrx_word' id='word_1_261' title='bbox 567 2370 627 2421; x_wconf 89' lang='lat' dir='ltr'><strong>in</strong></span> <span class='ocrx_word' id='word_1_262' title='bbox 664 2370 922 2422; x_wconf 87' lang='lat' dir='ltr'><strong>senatum</strong></span> <span class='ocrx_word' id='word_1_263' title='bbox 959 2367 1116 2422; x_wconf 86' lang='lat' dir='ltr'><strong>venit</strong></span> <span class='ocrx_word' id='word_1_264' title='bbox 1151 2367 1386 2420; x_wconf 87' lang='lat' dir='ltr'><strong>absente</strong></span> <span class='ocrx_word' id='word_1_265' title='bbox 1421 2366 1671 2422; x_wconf 87' lang='lat' dir='ltr'><strong>Antonio</strong></span> <span class='ocrx_word' id='word_1_266' title='bbox 1710 2370 1771 2422; x_wconf 90' lang='lat' dir='ltr'><strong>et</strong></span> <span class='ocrx_word' id='word_1_267' title='bbox 1805 2367 1977 2435; x_wconf 86' lang='lat' dir='ltr'><strong>hanc,</strong></span> <span class='ocrx_word' id='word_1_268' title='bbox 2022 2384 2171 2436; x_wconf 86' lang='lat' dir='ltr'><strong>quae</strong></span> <span class='ocrx_word' id='word_1_269' title='bbox 2208 2368 2363 2422; x_wconf 76' lang='lat' dir='ltr'><strong>infra</strong></span> 
     </span>
     <span class='ocr_line' id='line_1_32' title="bbox 325 2437 1159 2509; baseline -0.004 -16"><span class='ocrx_word' id='word_1_270' title='bbox 325 2440 558 2509; x_wconf 86' lang='lat' dir='ltr'><strong>legitur,</strong></span> <span class='ocrx_word' id='word_1_271' title='bbox 597 2439 908 2493; x_wconf 89' lang='lat' dir='ltr'><strong>orationem</strong></span> <span class='ocrx_word' id='word_1_272' title='bbox 944 2437 1159 2493; x_wconf 88' lang='lat' dir='ltr'><strong>habuit.</strong></span> 
     </span>
    </p>
   </div>
   <div class='ocr_carea' id='block_1_3' title="bbox 1129 2619 1553 2627">
    <p class='ocr_par' dir='ltr' id='par_1_6' title="bbox 1129 2619 1553 2627">
     <span class='ocr_line' id='line_1_33' title="bbox 1129 2619 1553 2627; baseline 0 1248"><span class='ocrx_word' id='word_1_273' title='bbox 1129 2619 1553 2627; x_wconf 95' lang='lat' dir='ltr'><strong> </strong></span> 
     </span>
    </p>
   </div>
   <div class='ocr_carea' id='block_1_4' title="bbox 271 2730 301 2794">
    <p class='ocr_par' dir='ltr' id='par_1_7' title="bbox 271 2730 301 2794">
     <span class='ocr_line' id='line_1_34' title="bbox 271 2730 301 2794; baseline 0 0"><span class='ocrx_word' id='word_1_274' title='bbox 271 2730 301 2794; x_wconf 92' lang='lat' dir='ltr'><strong>l</strong></span> 
     </span>
    </p>
   </div>
   <div class='ocr_carea' id='block_1_5' title="bbox 206 2777 2407 3567">
    <p class='ocr_par' dir='ltr' id='par_1_8' title="bbox 205 2777 2407 3567">
     <span class='ocr_line' id='line_1_35' title="bbox 277 2777 2358 2868; baseline 0 -25"><span class='ocrx_word' id='word_1_275' title='bbox 277 2822 303 2868; x_wconf 95' lang='lat'>1</span> <span class='ocrx_word' id='word_1_276' title='bbox 460 2778 832 2861; x_wconf 83' lang='lat' dir='ltr'><strong>Antequam</strong></span> <span class='ocrx_word' id='word_1_277' title='bbox 880 2778 956 2841; x_wconf 90' lang='lat' dir='ltr'><strong>de</strong></span> <span class='ocrx_word' id='word_1_278' title='bbox 1003 2799 1072 2841; x_wconf 89' lang='lat' dir='ltr'><strong>re</strong></span> <span class='ocrx_word' id='word_1_279' title='bbox 1118 2778 1407 2861; x_wconf 84' lang='lat' dir='ltr'><strong>publica,</strong></span> <span class='ocrx_word' id='word_1_280' title='bbox 1452 2782 1673 2861; x_wconf 90' lang='lat' dir='ltr'><strong>patres</strong></span> <span class='ocrx_word' id='word_1_281' title='bbox 1721 2777 2093 2862; x_wconf 84' lang='lat' dir='ltr'><strong>conscripti,</strong></span> <span class='ocrx_word' id='word_1_282' title='bbox 2139 2778 2358 2843; x_wconf 87' lang='lat' dir='ltr'><strong>dicam</strong></span> 
     </span>
     <span class='ocr_line' id='line_1_36' title="bbox 327 2865 2356 2951; baseline 0 -20"><span class='ocrx_word' id='word_1_283' title='bbox 327 2889 420 2951; x_wconf 88' lang='lat' dir='ltr'><strong>ea,</strong></span> <span class='ocrx_word' id='word_1_284' title='bbox 467 2888 630 2951; x_wconf 90' lang='lat' dir='ltr'><strong>quae</strong></span> <span class='ocrx_word' id='word_1_285' title='bbox 668 2866 937 2930; x_wconf 88' lang='lat' dir='ltr'><strong>dicenda</strong></span> <span class='ocrx_word' id='word_1_286' title='bbox 972 2865 1096 2929; x_wconf 89' lang='lat' dir='ltr'><strong>hoc</strong></span> <span class='ocrx_word' id='word_1_287' title='bbox 1133 2868 1427 2949; x_wconf 87' lang='lat' dir='ltr'><strong>tempore</strong></span> <span class='ocrx_word' id='word_1_288' title='bbox 1466 2866 1768 2950; x_wconf 84' lang='lat' dir='ltr'><strong>arbitror,</strong></span> <span class='ocrx_word' id='word_1_289' title='bbox 1806 2888 2126 2949; x_wconf 87' lang='lat' dir='ltr'><strong>exponam</strong></span> <span class='ocrx_word' id='word_1_290' title='bbox 2162 2866 2356 2931; x_wconf 81' lang='lat' dir='ltr'><strong>vobis</strong></span> 
     </span>
     <span class='ocr_line' id='line_1_37' title="bbox 206 2953 2353 3039; baseline -0 -19"><span class='ocrx_word' id='word_1_291' title='bbox 206 3037 208 3039; x_wconf 5' lang='grc' dir='ltr'><strong><em>Ψ</em></strong></span> <span class='ocrx_word' id='word_1_292' title='bbox 327 2954 612 3020; x_wconf 84' lang='lat' dir='ltr'><strong>breviter</strong></span> <span class='ocrx_word' id='word_1_293' title='bbox 657 2954 1000 3019; x_wconf 88' lang='lat' dir='ltr'><strong>consilium</strong></span> <span class='ocrx_word' id='word_1_294' title='bbox 1047 2957 1113 3017; x_wconf 91' lang='lat' dir='ltr'><strong>et</strong></span> <span class='ocrx_word' id='word_1_295' title='bbox 1157 2953 1583 3036; x_wconf 83' lang='lat' dir='ltr'><strong>profectionis</strong></span> <span class='ocrx_word' id='word_1_296' title='bbox 1620 2958 1688 3019; x_wconf 92' lang='lat' dir='ltr'><strong>et</strong></span> <span class='ocrx_word' id='word_1_297' title='bbox 1725 2954 2113 3019; x_wconf 85' lang='lat' dir='ltr'><strong>reversionis</strong></span> <span class='ocrx_word' id='word_1_298' title='bbox 2152 2976 2353 3019; x_wconf 84' lang='lat' dir='ltr'><strong>meae.</strong></span> 
     </span>
     <span class='ocr_line' id='line_1_38' title="bbox 325 3042 2355 3128; baseline -0 -20.056"><span class='ocrx_word' id='word_1_299' title='bbox 325 3044 474 3128; x_wconf 87' lang='lat' dir='ltr'><strong>Ego</strong></span> <span class='ocrx_word' id='word_1_300' title='bbox 535 3064 684 3107; x_wconf 88' lang='lat' dir='ltr'><strong>cum</strong></span> <span class='ocrx_word' id='word_1_301' title='bbox 739 3063 1068 3125; x_wconf 87' lang='lat' dir='ltr'><strong>sperarem</strong></span> <span class='ocrx_word' id='word_1_302' title='bbox 1124 3042 1470 3125; x_wconf 90' lang='lat' dir='ltr'><strong>aliquando</strong></span> <span class='ocrx_word' id='word_1_303' title='bbox 1528 3042 1609 3106; x_wconf 89' lang='lat' dir='ltr'><strong>ad</strong></span> <span class='ocrx_word' id='word_1_304' title='bbox 1668 3046 1958 3107; x_wconf 85' lang='lat' dir='ltr'><strong>vestrum</strong></span> <span class='ocrx_word' id='word_1_305' title='bbox 2005 3042 2355 3107; x_wconf 87' lang='lat' dir='ltr'><strong>consilium</strong></span> 
     </span>
     <span class='ocr_line' id='line_1_39' title="bbox 329 3130 2407 3213; baseline 0.001 -18"><span class='ocrx_word' id='word_1_306' title='bbox 329 3131 916 3213; x_wconf 87' lang='lat' dir='ltr'><strong>auctoritatemque</strong></span> <span class='ocrx_word' id='word_1_307' title='bbox 953 3151 1091 3193; x_wconf 91' lang='lat' dir='ltr'><strong>rem</strong></span> <span class='ocrx_word' id='word_1_308' title='bbox 1125 3130 1457 3213; x_wconf 87' lang='lat' dir='ltr'><strong>publicam</strong></span> <span class='ocrx_word' id='word_1_309' title='bbox 1494 3152 1635 3195; x_wconf 88' lang='lat' dir='ltr'><strong>esse</strong></span> <span class='ocrx_word' id='word_1_310' title='bbox 1668 3134 2056 3213; x_wconf 83' lang='lat' dir='ltr'><strong>revocatam,</strong></span> <span class='ocrx_word' id='word_1_311' title='bbox 2094 3152 2353 3195; x_wconf 86' lang='lat' dir='ltr'><strong>manen·</strong></span> <span class='ocrx_word' id='word_1_312' title='bbox 2378 3156 2407 3199; x_wconf 80' lang='lat' dir='ltr'><strong>s</strong></span> 
     </span>
     <span class='ocr_line' id='line_1_40' title="bbox 329 3218 2353 3303; baseline -0 -20"><span class='ocrx_word' id='word_1_313' title='bbox 329 3220 482 3283; x_wconf 90' lang='lat' dir='ltr'><strong>dum</strong></span> <span class='ocrx_word' id='word_1_314' title='bbox 538 3218 700 3282; x_wconf 90' lang='lat' dir='ltr'><strong>mihi</strong></span> <span class='ocrx_word' id='word_1_315' title='bbox 756 3219 1127 3282; x_wconf 86' lang='lat' dir='ltr'><strong>statuebam</strong></span> <span class='ocrx_word' id='word_1_316' title='bbox 1183 3218 1370 3301; x_wconf 91' lang='lat' dir='ltr'><strong>quasi</strong></span> <span class='ocrx_word' id='word_1_317' title='bbox 1422 3218 1491 3281; x_wconf 91' lang='lat' dir='ltr'><strong>in</strong></span> <span class='ocrx_word' id='word_1_318' title='bbox 1536 3218 1764 3303; x_wconf 84' lang='lat' dir='ltr'><strong>vigilia</strong></span> <span class='ocrx_word' id='word_1_319' title='bbox 1809 3218 2089 3302; x_wconf 90' lang='lat' dir='ltr'><strong>quadam</strong></span> <span class='ocrx_word' id='word_1_320' title='bbox 2128 3240 2353 3283; x_wconf 88' lang='lat' dir='ltr'><strong>consu·</strong></span> 
     </span>
     <span class='ocr_line' id='line_1_41' title="bbox 328 3303 2353 3389; baseline 0 -19"><span class='ocrx_word' id='word_1_321' title='bbox 328 3306 454 3371; x_wconf 90' lang='lat' dir='ltr'><strong>lari</strong></span> <span class='ocrx_word' id='word_1_322' title='bbox 508 3328 583 3370; x_wconf 88' lang='lat' dir='ltr'><strong>ac</strong></span> <span class='ocrx_word' id='word_1_323' title='bbox 638 3306 979 3369; x_wconf 85' lang='lat' dir='ltr'><strong>senatoria.</strong></span> <span class='ocrx_word' id='word_1_324' title='bbox 1073 3303 1212 3369; x_wconf 89' lang='lat' dir='ltr'><strong>Nec</strong></span> <span class='ocrx_word' id='word_1_325' title='bbox 1257 3328 1409 3369; x_wconf 85' lang='lat' dir='ltr'><strong>vero</strong></span> <span class='ocrx_word' id='word_1_326' title='bbox 1456 3328 1733 3389; x_wconf 90' lang='lat' dir='ltr'><strong>usquam</strong></span> <span class='ocrx_word' id='word_1_327' title='bbox 1779 3306 2190 3371; x_wconf 89' lang='lat' dir='ltr'><strong>discedebam</strong></span> <span class='ocrx_word' id='word_1_328' title='bbox 2234 3328 2353 3371; x_wconf 89' lang='lat' dir='ltr'><strong>nec</strong></span> 
     </span>
     <span class='ocr_line' id='line_1_42' title="bbox 333 3393 2353 3479; baseline 0.001 -23"><span class='ocrx_word' id='word_1_329' title='bbox 333 3416 372 3456; x_wconf 87' lang='lat' dir='ltr'><strong>a</strong></span> <span class='ocrx_word' id='word_1_330' title='bbox 407 3415 476 3457; x_wconf 90' lang='lat' dir='ltr'><strong>re</strong></span> <span class='ocrx_word' id='word_1_331' title='bbox 513 3393 776 3476; x_wconf 89' lang='lat' dir='ltr'><strong>publica</strong></span> <span class='ocrx_word' id='word_1_332' title='bbox 811 3393 1167 3457; x_wconf 90' lang='lat' dir='ltr'><strong>deiciebam</strong></span> <span class='ocrx_word' id='word_1_333' title='bbox 1207 3394 1429 3457; x_wconf 90' lang='lat' dir='ltr'><strong>oculos</strong></span> <span class='ocrx_word' id='word_1_334' title='bbox 1468 3416 1546 3457; x_wconf 83' lang='lat' dir='ltr'><strong>ex</strong></span> <span class='ocrx_word' id='word_1_335' title='bbox 1581 3416 1656 3459; x_wconf 91' lang='lat' dir='ltr'><strong>eo</strong></span> <span class='ocrx_word' id='word_1_336' title='bbox 1696 3394 1815 3477; x_wconf 88' lang='lat' dir='ltr'><strong>die,</strong></span> <span class='ocrx_word' id='word_1_337' title='bbox 1854 3416 1983 3479; x_wconf 89' lang='lat' dir='ltr'><strong>quo</strong></span> <span class='ocrx_word' id='word_1_338' title='bbox 2022 3394 2092 3459; x_wconf 88' lang='lat' dir='ltr'><strong>in</strong></span> <span class='ocrx_word' id='word_1_339' title='bbox 2128 3395 2353 3459; x_wconf 90' lang='lat' dir='ltr'><strong>aedem</strong></span> 
     </span>
     <span class='ocr_line' id='line_1_43' title="bbox 333 3479 2352 3567; baseline 0.004 -26"><span class='ocrx_word' id='word_1_340' title='bbox 333 3479 612 3543; x_wconf 88' lang='lat' dir='ltr'><strong>Telluris</strong></span> <span class='ocrx_word' id='word_1_341' title='bbox 671 3480 1009 3545; x_wconf 85' lang='lat' dir='ltr'><strong>convocati</strong></span> <span class='ocrx_word' id='word_1_342' title='bbox 1065 3501 1307 3543; x_wconf 77' lang='lat' dir='ltr'><strong>sumuS.</strong></span> <span class='ocrx_word' id='word_1_343' title='bbox 1398 3480 1476 3545; x_wconf 92' lang='lat' dir='ltr'><strong>In</strong></span> <span class='ocrx_word' id='word_1_344' title='bbox 1532 3504 1657 3565; x_wconf 90' lang='lat' dir='ltr'><strong>quo</strong></span> <span class='ocrx_word' id='word_1_345' title='bbox 1706 3484 1982 3567; x_wconf 84' lang='lat' dir='ltr'><strong>temple,</strong></span> <span class='ocrx_word' id='word_1_346' title='bbox 2035 3487 2352 3566; x_wconf 86' lang='lat' dir='ltr'><strong>quantum</strong></span> 
     </span>
    </p>
   </div>
  </div>
 </body>
</html>
