2550 3875
828 161 1233 218 cAP.10-13
1272 169 1303 229 g
1340 163 2230 226 26—31.145

184 321 265 386 de
304 322 596 387 civitatis
634 323 808 389 enim
844 323 1003 409 iure,
1046 345 1183 388 non
1218 325 1297 390 de
1332 324 1705 391 foederibus
1743 322 2233 411 disceptamus),

187 409 347 512 quid
383 414 504 494 est,
541 433 739 495 quam
777 413 862 477 ob
899 434 1040 477 rem
1077 413 1203 479 civi
1234 412 1616 479 Gaditano
1594 437 1668 479 111
1694 414 1865 479 hanc
1894 414 2231 479 civitatem

184 498 408 563 venire
445 520 580 563 non
615 500 857 564 liceat?
928 499 1254 584 Equidem
1289 502 1486 587 longe
1523 523 1710 568 secus
1749 502 1982 568 sentio,
2053 500 2226 568 Nam

188 608 337 650 cum
384 609 465 651 ex
510 587 813 652 omnibus
860 587 1243 654 civitatibus
1289 590 1398 654 via
1443 590 1532 655 sit
1576 591 1648 654 in
1690 594 2006 673 nostram,
2058 611 2231 654 cum-

127 690 159 731 5
188 697 315 758 que
376 675 624 740 nostris
687 676 941 742 civibus
998 681 1226 761 pateat
1281 679 1363 742 ad
1419 681 1669 743 ceteras
1713 679 1853 743 ‘iter
1908 678 2229 762 civitates,

187 767 332 828 tum
395 784 577 849 vere,
644 768 721 828 ut
786 787 1077 850 quaeque
1140 767 1485 832 nobiscum
1549 766 1828 831 maxime
1894 767 2230 849 societate,

188 851 505 936 amicitia,
571 852 946 938 sponsione,
1000 854 1332 939 pactione,
1387 853 1646 920 foedere
1704 859 1806 919 est
1862 855 2228 938 coniuncta,

185 941 285 1004 ita
304 940 467 1004 mihi
485 941 764 1008 maxime
786 942 1239 1008 communione
1258 943 1742 1026 beneficiorum,
1770 943 2226 1027 praemiorum,

188 1029 478 1093 civitatis
556 1029 884 1093 contineri
946 1030 1222 1096 videtur.
1322 1029 1535 1114 Atqui
1600 1035 1852 1096 ceterae
1926 1031 2228 1096 civitates

108 1133 161 1172 ιο
188 1138 413 1182 omnes
475 1139 609 1182 non
673 1117 1052 1183 dubitarent
1112 1122 1380 1184 nostros
1442 1119 1743 1185 homines
1806 1120 2093 1204 recipere
2157 1119 2232 1183 111

185 1227 339 1270 suas
378 1205 697 1289 civitates,
734 1205 791 1270 si
828 1205 1000 1271 idem
1035 1228 1157 1272 nos
1194 1207 1358 1272 iuris
1385 1207 1776 1273 haberemus
1807 1209 1981 1291 quod
2011 1207 2227 1272 ceteri.

188 1294 316 1360 Sed
361 1315 485 1358 nos
519 1315 654 1360 non
688 1315 1036 1378 possumus
1074 1299 1141 1359 et
1175 1295 1372 1360 huius
1410 1315 1550 1360 esse
1589 1296 1878 1361 civitatis
1915 1299 1983 1360 et
2021 1295 2228 1360 cuius-

183 1384 284 1448 vis
321 1386 687 1467 praeterea3
723 1383 959 1448 ceteris
998 1405 1377 1448 concessum
1415 1388 1533 1449 est.
1587 1383 1821 1468 Itaque
1857 1385 1928 1449 in
1962 1382 2228 1448 Graecis
2248 1389 2326 1439 3⁰

186 1471 569 1537 civitatibus
638 1470 929 1535 videmus
995 1471 1446 1556 Atheniensis,
1518 1471 1840 1556 Rhodios,
1913 1471 2229 1537 Lacedae-

114 1573 159 1616 15
185 1559 472 1644 monios,
537 1562 787 1624 ceteros
852 1560 1137 1643 undique
1200 1560 1485 1626 adscribi
1539 1561 2029 1645 multarumque
2085 1581 2225 1625 esse

185 1648 447 1714 eosdem
508 1647 809 1713 homines
866 1647 1228 1713 civitatum.
1333 1648 1476 1724 Quo
1534 1670 1750 1713 errore
1807 1648 2040 1714 ductos
2092 1649 2228 1712 vidi

186 1740 452 1822 egomet
511 1757 647 1800 non
707 1736 924 1801 nullos
988 1736 1332 1820 imperitos
1391 1737 1689 1802 homines
1742 1741 2008 1802 nostros
2067 1737 2227 1801 civis

184 1825 469 1891 Athenis
550 1824 621 1888 in
698 1846 969 1890 numero
1044 1825 1332 1891 iudicum
1405 1829 1602 1910 atque
1674 1824 2228 1912 Areopagitarum

188 1917 369 1980 certa
422 1913 631 1999 tribu,
686 1917 865 1979 certo
918 1934 1220 1999 numero,
1276 1935 1426 1980 cum
1475 1914 1885 2001 ignorarent,
1941 1914 1999 1979 si
2043 1914 2227 1979 illam

108 2016 159 2055 ²⁰
186 2003 525 2069 civitatem
570 2007 789 2067 essent
834 2003 1073 2088 adepti,
1122 2003 1293 2068 hanc
1339 2024 1409 2068 se
1454 2003 1832 2087 perdidisse,
1876 2002 2005 2068 nisi
2050 2008 2228 2087 post-

184 2092 443 2157 liminio
501 2090 993 2174 reciperassent.
1094 2090 1359 2156 Peritus
1414 2112 1568 2156 vero
1621 2091 1836 2155 nostri
1890 2091 2094 2157 moris
2151 2112 2228 2155 ac

182 2181 348 2245 iuris
381 2200 575 2244 nemo
612 2200 943 2265 umquam,
980 2179 1094 2264 qui
1128 2180 1300 2245 hanc
1337 2179 1673 2245 civitatem
1700 2179 1982 2245 retinere
2009 2180 2228 2264 vellet,

183 2269 258 2333 in
301 2268 499 2333 aliam
544 2289 615 2332 se
661 2268 995 2333 civitatem
1040 2268 1300 2334 dicavit.

322 2355 451 2421 Sed
504 2355 614 2421 hie
667 2360 851 2421 totus
904 2358 1089 2422 locus
1144 2356 1610 2440 disputationis
1663 2360 1860 2440 atque
1909 2356 2228 2421 orationis
2253 2344 2339 2409 13

108 2457 157 2498 ²⁵
183 2466 397 2528 meae,
446 2444 722 2528 iudices,
765 2445 1055 2529 pertinet
1100 2446 1182 2509 ad
1228 2466 1570 2510 commune
1616 2445 1719 2509 ius
1765 2445 2228 2509 mutandarum

185 2534 563 2616 civitatum,
546 2557 561 2572 ·
614 2532 782 2597 nihil
835 2533 1064 2617 habet,
1120 2533 1293 2617 quod
1349 2534 1439 2597 sit
1490 2533 1832 2633 proprium
1885 2533 2227 2618 religionis

186 2643 263 2686 ac
316 2620 667 2686 foederum
758 2620 1053 2686 Defendo
1109 2621 1286 2685 enim
1341 2641 1480 2685 rem
1525 2622 1923 2706 universam,
1975 2621 2226 2685 nullam

184 2731 327 2775 esse
394 2713 661 2795 gentem
724 2731 804 2774 ex
867 2709 1045 2775 omni
1108 2710 1376 2795 regione
1441 2712 1767 2774 terrarum
1819 2730 2030 2793 neque
2086 2713 2226 2774 tam

186 2798 611 2863 dissidentem
676 2820 715 2861 a
784 2798 1029 2882 populo
1098 2796 1399 2863 Romano
1429 2785 1614 2862 0(110
1682 2798 1963 2881 quodam
2029 2800 2224 2879 atque

105 2899 157 2939 8⁰
184 2886 457 2951 discidio
520 2907 730 2969 neque
789 2891 930 2952 tam
981 2886 1109 2950 fide
1163 2884 1734 2970 benivolentiaque
1789 2886 2224 2967 coniunctam,

185 2996 265 3039 ex
302 2996 433 3059 qua
466 2974 659 3039 nobis
695 2973 1119 3040 interdictum
1156 2973 1247 3037 sit
1281 2996 1364 3039 ne
1403 2995 1598 3058 quem
1631 2973 1988 3038 adsciscere
2018 2972 2224 3036 civem

184 3067 301 3127 aut
347 3062 615 3127 civitate
660 3062 899 3128 donare
942 3062 1289 3147 possimus.
1365 3061 1419 3127 Ο
1469 3061 1616 3126 iura
1653 3061 1990 3145 praeclara
2025 3063 2224 3143 atque
2244 3069 2326 3118 31„

183 3150 499 3215 divinitus
537 3150 669 3215 iam
705 3150 855 3216 inde
891 3173 931 3214 a
965 3150 1290 3235 principio
1327 3148 1610 3214 Romani
1645 3149 1930 3214 nominis
1961 3170 2000 3211 a
2025 3148 2225 3212 maio-

184 3239 370 3304 ribus
413 3238 661 3303 nostris
708 3242 1112 3323 comparata,
1159 3260 1243 3303 ne
1291 3238 1438 3322 quis
1483 3241 1786 3303 nostrum
1830 3236 1979 3321 plus
2027 3257 2224 3320 quam

102 3340 154 3381 ⁸⁵
182 3328 379 3392 unius
416 3326 705 3391 civitatis
743 3348 882 3391 esse
909 3327 1123 3410 possit
1152 3324 1647 3411 (dissimilitudo
1677 3325 1852 3389 enim
1881 3324 2219 3389 civitatum

180 3416 574 3481 varietatem
625 3415 787 3481 iuris
840 3415 1083 3480 habeat
1130 3436 1397 3479 necesse
1443 3411 1600 3499 est),
1653 3434 1735 3476 ne
1784 3413 1931 3496 quis
1976 3412 2224 3476 invitus

182 3504 454 3570 civitate
530 3507 822 3568 mutetur
891 3524 1055 3567 neve
1126 3502 1200 3566 in
1271 3502 1541 3568 civitate
1616 3504 1878 3564 maneat
1948 3500 2224 3564 invitus!

290 3615 402 3657 010.
427 3616 493 3657 11.
521 3616 559 3657 8.
1831 3607 1898 3657 10
