2550 3875
838 197 992 252 CAP.
1032 203 1169 252 5—·1
1212 203 1243 264 ξ
1286 203 1511 253 12-18.
2038 200 2174 264 443

114 357 537 441 turbinibus,
582 357 758 422 inter
801 357 1077 422 fulmina
1128 361 1197 423 et
1242 359 1539 424 tonitrua
1582 359 1891 444 ferretur,
1936 363 2014 424 ut
2059 383 2172 425 eos

114 446 377 511 iudices
431 446 848 530 haberemus,
905 468 1069 530 quos
1119 446 1418 548 hospites
1463 449 1705 514 habere
1749 470 1943 513 nemo
1989 448 2168 512 velit.

118 533 466 600 Scelerum
494 534 897 635 magnitudo,
935 535 1337 599 conscientia
1362 536 1850 620 maleficiorum,
1887 536 2168 621 direptio

118 623 268 687 eius
325 622 665 706 pecuniae,
722 622 905 687 cuius
952 623 1123 687 ratio
1170 623 1242 687 in
1288 625 1444 688 aede
1491 623 1654 708 Opis
1703 624 2000 689 confecta
2046 628 2170 708 est,

49 727 85 767 5
115 711 300 776 hanc
361 710 629 775 tertiam
682 710 1013 775 decuriam
1069 711 1496 796 excogitavit3
1557 734 1678 776 nec
1734 716 1885 777 ante
1940 717 2168 796 turpes

116 799 376 864 iudices
430 797 740 882 quaesiti,
806 819 1004 882 quam
1056 799 1355 864 honestis
1410 799 1734 864 iudicibus
1787 801 2166 865 nocentium

120 887 307 951 salus
355 886 701 970 desperata
746 889 865 951 est.
958 885 1085 951 Sed
1130 887 1294 952 illud
1340 909 1441 971 os,
1486 887 1671 952 illam
1714 888 2165 972 impuritatem
2189 903 2253 952 16

120 974 313 1039 caeni
366 973 600 1058 fuisse,
652 979 730 1038 ut
783 975 907 1039 hos
960 974 1208 1040 iudices
1262 976 1482 1061 legere
1538 977 1832 1040 auderet!
1889 997 2168 1060 quorum

119 1063 413 1128 lectione
486 1063 725 1147 duplex
801 1063 1290 1147 imprimeretur
1352 1064 1448 1128 rei
1509 1063 1809 1148 publicae
1872 1064 2168 1148 dedecus,

24 1169 91 1209 ιο
119 1173 360 1236 unum,
441 1151 614 1234 quod
696 1155 836 1214 tam
917 1155 1143 1235 turpes
1222 1151 1469 1216 iudices
1543 1156 1788 1236 essent,
1869 1152 2168 1235 alterum,

122 1240 305 1323 quod
349 1239 753 1322 patefactum
798 1239 1267 1324 cognitumque
1311 1244 1511 1324 esset,
1565 1261 1763 1324 quam
1807 1240 2052 1305 multos
2096 1240 2168 1304 in

124 1328 398 1392 civitate
488 1327 702 1411 turpis
791 1327 1199 1393 haberemus.
1339 1327 1529 1393 Hanc
1619 1348 1779 1429 ergo
1872 1331 1941 1393 et
2022 1327 2167 1391 reli-

122 1437 293 1499 quas
365 1415 502 1480 eius
576 1415 754 1480 modi
825 1415 1036 1501 leges,
1110 1416 1372 1480 etiamsi
1440 1416 1580 1482 sine
1655 1417 1722 1481 vi
1795 1415 1994 1480 salvis
2059 1437 2168 1479 au·

126 1503 355 1588 spiciis
420 1507 641 1568 essent
702 1507 1002 1589 rogatae,
1068 1525 1398 1570 censerem
1453 1509 1676 1570 tamen
1730 1504 2169 1589 abrogandas,

40 1609 99 1650 ιο
126 1613 305 1656 nunc
358 1612 513 1657 vero
569 1613 685 1657 cur
730 1593 1141 1677 abrogandas
1189 1614 1508 1678 censeam,
1564 1613 1726 1676 quas
1773 1592 1987 1657 iudico
2032 1612 2168 1656 non

124 1680 445 1766 rogatas?

260 1768 370 1832 An
412 1768 530 1832 illa
571 1790 708 1833 non
753 1767 1159 1854 gravissimis
1194 1768 1578 1854 ignominiis
1617 1768 2164 1852 monimentisque
2188 1782 2254 1831 17

122 1856 321 1921 huius
369 1856 615 1921 ordinis
661 1857 743 1921 ad
787 1856 1200 1943 posteritatis
1247 1857 1630 1922 memoriam
1669 1860 1823 1922 sunt
1858 1857 2167 1942 notanda,

125 1946 303 2029 quod
357 1967 524 2010 unus
579 1944 669 2011 M.
724 1944 1055 2011 Antonius
1108 1945 1179 2009 in
1231 1946 1357 2011 hac
1410 1947 1571 2011 urbe
1625 1949 1780 2030 post
1835 1946 2166 2011 conditam

40 2058 101 2098 20
125 2034 360 2099 urbem
412 2034 634 2117 palam
688 2054 911 2099 secum
962 2033 1271 2098 habuerit
1325 2035 1662 2099 armatos?
1727 2034 1902 2118 quod
1953 2054 2165 2117 neque

124 2142 317 2207 reges
378 2123 591 2187 nostri
653 2122 950 2187 fecerunt
1009 2144 1219 2206 neque
1284 2122 1361 2206 ii,
1426 2122 1540 2206 qui
1595 2122 1862 2208 regibus
1917 2122 2164 2187 exactis

124 2230 404 2296 regnum
466 2230 782 2295 occupare
844 2211 1209 2275 voluerunt.
1322 2209 1599 2276 Cinnam
1662 2210 1958 2295 memini,
2029 2210 2164 2275 vidi

128 2296 399 2381 Sullam,
446 2298 640 2363 modo
688 2297 1061 2382 Caesarem3
1106 2299 1178 2362 hi
1224 2298 1401 2363 enim
1446 2302 1582 2363 tres
1627 2303 1783 2383 post
1828 2299 2164 2364 civitatem

127 2408 171 2451 a
212 2384 287 2452 L.
330 2384 540 2451 Bruto
594 2386 940 2451 liberatam
997 2349 1147 2471 plus
1200 2390 1560 2471 potuerunt
1619 2407 1818 2470 quam
1860 2387 2165 2452 universa

44 2498 99 2540 25
129 2496 234 2539 res
286 2475 567 2558 publica.
657 2473 813 2540 Non
864 2496 1135 2559 possum
1190 2476 1534 2540 adfirmare
1586 2476 1785 2540 nullis
1841 2476 1994 2540 telis
2051 2496 2163 2541 eos

130 2561 411 2646 stipatos
456 2562 686 2647 fuisse,
733 2564 859 2628 1100
904 2563 1077 2628 dico:
1130 2584 1251 2628 nec
1295 2564 1525 2628 multis
1573 2568 1641 2628 et
1686 2564 1980 2629 occultis.
2068 2562 2164 2628 At
2187 2576 2252 2626 18

126 2652 296 2715 hanc
350 2655 602 2735 pestem
654 2672 890 2737 agmen
943 2654 1347 2716 armatorum
1391 2652 1814 2735 sequebatur3
1878 2650 2166 2735 Cassius,

130 2738 440 2822 Mustela,
494 2739 651 2804 Tiro
706 2739 961 2825 gladios
993 2743 1428 2804 'ostentantes
1485 2740 1588 2804 sui
1635 2739 1882 2804 similes
1929 2758 2166 2824 greges

132 2826 454 2892 ducebant
497 2848 616 2911 per
661 2827 906 2911 forum3
963 2831 1213 2892 certum
1260 2828 1543 2912 agminis
1589 2827 1808 2892 locum
1853 2826 2166 2891 tenebant

51 2943 106 2982 so
131 2915 393 2979 barbari
439 2915 790 3001 sagittarii.
873 2914 1039 2980 Cum
1078 2919 1300 2979 autem
1338 2920 1479 2980 erat
1513 2917 1782 2979 ventum
1819 2915 1902 2979 ad
1940 2913 2166 2978 aedem

134 3002 547 3088 Concordiae,
593 3004 835 3089 gradus
883 3004 1375 3088 conplebantur,
1422 3004 1692 3068 lecticae
1741 3002 2166 3067 conlocaban-

132 3096 265 3170 tur,
324 3113 460 3156 non
516 3112 645 3175 quo
701 3092 814 3156 ille
869 3095 1059 3157 scuta
1113 3092 1370 3157 occulta
1425 3113 1566 3156 esse
1622 3089 1847 3174 vellet,
1912 3090 2026 3154 sed
2082 3110 2165 3154 ne

131 3179 511 3263 familiares,
584 3178 643 3245 si
706 3184 894 3245 scuta
956 3178 1086 3263 ipsi
1146 3179 1423 3264 ferrent,
1485 3180 1882 3244 laborarent.
1990 3177 2165 3242 Illud
2188 3180 2226 3243 7

134 3288 283 3333 vero
321 3268 776 3333 taeterrimum
808 3289 945 3332 non
980 3268 1174 3332 modo
1214 3272 1501 3352 aspectu,
1539 3267 1652 3333 sed
1689 3266 1890 3331 etiam
1919 3266 2167 3350 auditu,

56 3380 111 3425 as
135 3358 203 3421 in
247 3356 409 3420 cella
454 3354 853 3421 Concordiae
901 3355 1228 3421 conlocari
1274 3359 1592 3439 armatos,
1640 3356 1960 3439 latrones,
2006 3354 2168 3419 sica-

136 3444 285 3528 rios,
332 3443 411 3507 de
456 3444 706 3528 templo
753 3464 1080 3509 carcerem
1125 3443 1290 3526 fieri,
1337 3443 1585 3527 opertis
1630 3443 1839 3507 valvis
1886 3441 2168 3509 Concor·

138 3532 291 3617 diae,
338 3552 487 3596 cum
530 3532 706 3596 inter
751 3530 1065 3596 subsellia
1098 3534 1367 3595 senatus
1403 3535 1820 3596 versarentur
1855 3532 2168 3614 latrones,
