2550 3875
399 177 486 240 64
619 175 763 230 PRO
800 174 860 228 P.
901 171 1146 228 SESTIO
1184 170 1470 227 ORATIO.
1543 170 1695 227 GAP.
1731 177 1799 226 69
1835 178 1867 238 ξ
1904 177 2201 228 145—147.

399 336 664 420 indicia,
717 335 1000 418 litteras,
1056 333 1494 400 confessiones
1547 333 1907 398 communis
1962 333 2147 398 exitii
2191 333 2434 417 detuli,

400 446 548 489 cum
583 425 772 508 parui
808 423 1039 489 vobis?
1117 422 1210 488 Ac
1245 422 1303 486 si
1340 421 1687 486 scelestum
1724 426 1825 486 est
1862 443 2078 486 amare
2114 422 2435 505 patriam,

401 513 641 597 pertuli
694 532 1050 596 poenarum
1105 510 1295 594 satis3
1362 531 1585 574 eversa
1639 510 1869 576 domus
1923 513 2049 592 est,
2111 509 2433 574 fortunae

399 603 693 684 vexatae,
737 599 1032 683 dissipati
1082 598 1293 683 liberi,
1336 601 1599 681 raptata
1644 599 1939 682 coniunx,
1981 597 2187 661 frater
2232 601 2438 681 optu-

400 708 571 771 mus,
634 687 994 752 incredibili
1051 686 1323 770 pietate,
1381 707 1599 751 amore
1652 686 1945 751 inaudito
2005 685 2295 750 maximo
2356 687 2441 749 in
2497 710 2527 749 5

401 776 701 858 squalore
745 775 1078 840 volutatus
1125 778 1227 840 est
1272 737 1355 838 a⁷d
1390 775 1585 858 pedes
1622 773 2247 857 inimicissimorum3
2297 794 2439 858 ego

400 863 626 947 pulsus
684 863 841 947 aris,
893 862 1086 948 focis,
1141 862 1278 926 deis
1333 862 1707 945 penatibus,
1761 863 2112 927 distractus
2166 883 2209 925 a
2253 863 2440 926 meis

402 951 580 1015 carui
607 951 838 1035 patria,
867 973 1079 1034 quam,
1106 954 1183 1015 ut
1208 948 1535 1014 levissime
1555 950 1781 1034 dicam,
1811 971 2081 1034 corpore
2100 954 2443 1036 texeram3

400 1040 639 1122 pertuli
711 1039 1162 1104 crudelitatem
1233 1038 1673 1121 inimicorum,
1754 1039 1966 1103 scelus
2037 1038 2443 1124 infidelium,

283 1131 386 1181 ¹46
401 1127 696 1191 fraudem
739 1127 1121 1191 invidorum.
1214 1124 1287 1190 Si
1330 1125 1458 1191 hoc
1498 1147 1633 1190 non
1676 1130 1777 1191 est
1820 1126 2001 1210 satis,
2047 1125 2223 1209 quod
2258 1126 2444 1192 haec
2477 1153 2529 1192 ιο

402 1215 620 1280 omnia
664 1215 878 1279 deleta
919 1215 1219 1278 videntur
1259 1213 1473 1279 reditu
1509 1235 1672 1298 meo,
1715 1215 1925 1278 multo
1962 1213 2141 1297 mihi,
2188 1216 2448 1301 mult0,

400 1303 693 1386 inquam,
755 1302 1026 1387 iudices,
1087 1305 1381 1385 praestat
1444 1302 1515 1366 in
1572 1302 1842 1367 eandem
1895 1303 2079 1366 illam
2132 1302 2447 1369 recidere

400 1391 732 1456 fortunam
795 1412 991 1475 quam
1050 1393 1306 1454 tantam
1364 1389 1697 1473 inportare
1751 1391 1915 1455 meis
1968 1390 2449 1457 defensoribus

402 1483 470 1542 et
515 1479 1078 1544 conservatoribus
1125 1478 1579 1543 calamitatem.
1669 1478 1779 1542 An
1822 1500 1944 1565 ego
1990 1479 2061 1543 in
2094 1478 2224 1542 hac
2260 1482 2449 1545 urbe

402 1587 541 1630 esse
586 1567 833 1650 possim
876 1566 982 1630 his
1025 1567 1252 1651 pulsis,
1299 1567 1411 1651 qui
1455 1589 1558 1630 me
1601 1565 1795 1633 huius
1840 1567 2023 1632 urbis
2068 1573 2451 1651 conpotem
2484 1593 2529 1634 15

399 1653 734 1719 fecerunt?
824 1653 978 1718 Non
1022 1675 1161 1739 ero,
1212 1676 1348 1719 non
1390 1658 1619 1738 potero
1668 1675 1835 1740 esse,
1880 1655 2151 1739 iudices3
2207 1678 2451 1740 neque

399 1740 508 1806 hic
561 1763 870 1826 umquam
921 1763 1107 1826 puer,
1163 1743 1275 1826 qui
1328 1741 1433 1806 his
1478 1743 1791 1827 lacrimis,
1848 1765 1976 1827 qua
2019 1744 2111 1808 sit
2150 1744 2454 1830 pietate,

399 1829 708 1912 declarat,
771 1830 1010 1895 amisso
1055 1833 1241 1915 patre
1288 1851 1406 1894 suo
1451 1835 1720 1916 propter
1765 1853 1868 1896 me
1914 1852 2018 1896 me
2062 1832 2293 1917 ipsum
2346 1835 2455 1899 111-

400 1916 720 1983 columem
763 1917 1011 1984 videbit
1053 1941 1198 2002 nec,
1245 1918 1823 2005 quotienscumque
1869 1942 1971 1985 me
2016 1919 2290 2006 viderit,
2346 1923 2457 1989 in-

401 2011 727 2092 gemescet
799 2028 875 2072 ac
944 2011 1197 2092 pestem
1277 2028 1465 2072 suam
1537 2030 1611 2074 ac
1682 2009 1891 2093 patris
1954 2009 2056 2074 sui
2119 2030 2191 2073 se
2250 1973 2456 2077 dicet
2482 2036 2527 2077 aa

400 2094 634 2159 videre
723 2094 871 2180 Ego
925 2117 1079 2160 vero
1123 2095 1244 2160 hos
1289 2096 1362 2159 in
1407 2096 1586 2160 omni
1628 2095 1921 2181 fortuna,
1974 2118 2457 2184 quaecumque

401 2182 528 2246 erit
574 2183 820 2266 oblata,
869 2183 1265 2267 conplectar,
1308 2205 1427 2248 nec
1472 2206 1576 2249 me
1622 2185 1704 2249 ab
1750 2185 1860 2268 iis,
1906 2206 2069 2269 quos
2113 2206 2266 2251 meo
2325 2210 2461 2254 no-

400 2268 572 2334 mine
619 2234 985 2335 sordidatos
1021 2271 1274 2355 videtis,
1318 2293 1628 2355 umquam
1663 2273 1800 2336 ulla
1832 2273 2097 2337 fortuna
2132 2274 2459 2363 divellet,

398 2378 608 2441 neque
655 2379 766 2422 eae
809 2359 1134 2443 nationes,
1181 2358 1418 2442 quibus
1463 2381 1565 2424 me
1613 2364 1877 2425 senatus
1922 2330 2459 2451 commendavit,

401 2446 636 2528 quibus
691 2446 768 2510 de
823 2468 925 2511 me
972 2448 1219 2533 gratias
1265 2447 1430 2533 egit,
1483 2447 1655 2513 hunc
1701 2450 1954 2515 exulem
1997 2454 2277 2534 propter
2334 2475 2461 2521 me
2488 2488 2523 2527 ει

279 2544 378 2592 147
402 2534 539 2596 sine
594 2556 697 2597 me
752 2534 1083 2600 videbunt.
1175 2533 1302 2600 Sed
1350 2535 1511 2601 haec
1558 2536 1625 2601 di
1668 2537 2097 2621 immortales,
2152 2540 2274 2622 qui
2334 2564 2461 2609 me

397 2620 533 2684 suis
588 2621 853 2704 templis
899 2624 1345 2688 advenientem
1390 2629 1773 2708 receperunt
1816 2626 2134 2710 stipatum
2182 2628 2272 2691 ab
2333 2631 2464 2698 his

397 2708 555 2772 viris
610 2713 677 2773 et
732 2709 802 2774 P.
848 2709 1128 2776 Lentulo
1185 2712 1473 2796 consule,
1529 2716 1725 2795 atque
1778 2714 1923 2797 ipsa
1975 2735 2078 2779 res
2133 2716 2464 2807 publiea,

398 2818 528 2879 qua
570 2797 736 2861 nihil
781 2802 883 2863 est
919 2800 1225 2884 sanctius,
1269 2805 1525 2865 vestrae
1560 2803 1893 2886 potestati,
1937 2802 2201 2886 iudices,
2252 2826 2465 2874 com-

395 2884 727 2949 miserunt.
824 2885 958 2951 Vos
1007 2887 1133 2953 hoc
1176 2888 1417 2953 iudicio
1464 2889 1753 2953 omnium
1798 2891 2117 2956 bonorum
2160 2900 2463 2963 mentes
2492 2928 2521 2969 s

397 2972 803 3057 confirmare,
867 2974 1293 3059 inproborum
1354 2977 1702 3059 reprimere
1766 2980 2069 3062 potestiS,
2129 3001 2255 3045 vos
2332 2985 2464 3053 his
2518 3018 2520 3025 ¹

395 3060 646 3125 civibus
690 3062 791 3126 uti
837 3064 1147 3147 optumis,
1191 3084 1309 3129 vos
1354 3083 1458 3127 me
1501 3064 1765 3130 reficere
1810 3070 1879 3130 et
1922 3088 2239 3133 renovare
2290 3092 2465 3141 rem

395 3147 741 3230 publicam.
834 3148 1046 3224 Quare
1101 3172 1218 3215 vos
1266 3152 1562 3217 obtestor
1608 3156 1803 3236 atque
1851 3155 2148 3240 obsecro,
2204 3162 2327 3243 ut,
2392 3167 2465 3229 si

396 3255 500 3298 me
537 3236 786 3300 salvum
824 3257 964 3301 esse
1000 3238 1321 3323 voluistis,
1359 3259 1469 3304 eos
1508 3241 1921 3327 conservetis,
1956 3264 2073 3326 per
2110 3264 2292 3328 quos
2334 3272 2461 3318 me
2516 3314 2518 3318 .

395 3324 910 3406 recuperavistis.
2492 3368 2517 3417 ῃ

1193 3487 1614 3498 ——--——.
