2550 3875
835 73 840 79 ²
891 120 1044 176 CAP.
1089 128 1180 189 11,
1221 129 1288 177 12
1326 126 1358 189 g
1396 66 1622 179 aes-⁸30.
2148 127 2280 191 533

245 282 441 348 bellis
515 281 831 347 confectis
904 282 1125 347 decem
1198 285 1436 370 legatis
1509 285 1805 370 permitti
1868 288 2038 351 solet
2100 310 2281 353 more

246 370 599 454 maiorum,
664 392 871 453 neque
926 371 1064 434 ulla
1119 373 1383 437 omnino
1441 395 1480 437 a
1534 378 1763 439 senatu
1822 376 2125 439 mandata
2180 398 2278 441 ao—

248 459 556 543 eepimus.
651 456 828 533 Quae
885 479 1031 523 cum
1087 480 1281 545 agam
1335 461 1405 525 in
1463 462 1734 526 consilio
1780 464 2004 548 nullis,
2058 468 2136 527 ut
2181 486 2276 528 ar-

247 548 479 631 bitror,
507 546 1041 632 repugnantibus,
1067 569 1282 613 nonne
1302 551 1720 614 metuendum
1738 555 1857 635 est,
1892 573 1973 616 ne
1993 552 2277 635 inperita

187 649 218 690 ⁶
247 636 538 700 militum
609 634 965 699 multitudo
1040 656 1158 720 per
1223 658 1327 701 me
1390 659 1619 721 pacem
1681 639 1980 703 distineri
2042 640 2275 724 putet‘?

245 723 475 790 Facite
529 724 656 788 hoc
715 744 934 787 meum
988 724 1335 790 eonsilium
1388 725 1678 811 legiones
1731 748 1934 792 novas
1978 749 2113 792 non
2156 729 2273 793 im·
2293 740 2362 791 20

243 813 526 897 probare
593 808 774 898 (nam
828 810 1138 875 Martiam
1202 816 1270 876 et
1333 818 1636 895 quartam
1697 813 1863 877 nihil
1920 814 2274 902 cogitantis

242 904 508 985 praeter
552 899 940 985 dignitatem
986 903 1053 964 et
1099 900 1293 965 decus
1341 903 1877 985 comprobaturas
1914 924 2057 967 esse
2094 908 2274 969 certo

246 986 439 1075 scio);
504 988 703 1072 quid?
769 991 1109 1052 veteranos
1164 1010 1300 1053 non
1354 1010 1651 1053 veremur
1696 988 1877 1074 (nam
1931 990 2148 1055 timeri
2203 1013 2273 1057 se

158 1093 217 1132 10
242 1099 326 1143 ne
362 1076 493 1161 ipsi
530 1076 790 1159 quidem
825 1073 1102 1161 volunt),
1139 1097 1422 1160 quonam
1460 1077 1653 1142 modo
1691 1077 2015 1161 accipiant
2043 1078 2275 1143 severi-

243 1169 454 1231 tatem
517 1164 772 1229 meam?
880 1162 1095 1228 Multa
1159 1163 1334 1228 enim
1398 1163 1567 1229 falsa
1621 1165 1698 1229 de
1754 1188 1858 1229 me
1913 1166 2275 1247 audierunt,

244 1255 454 1319 multa
511 1254 593 1317 ad
647 1273 758 1317 eos
803 1252 1089 1336 improbi
1136 1252 1535 1336 detulerunt,
1592 1274 1869 1336 quorum
1916 1254 2273 1339 commoda,

241 1347 320 1407 ut
344 1346 463 1406 'vos
494 1340 729 1425 optimi
757 1344 960 1405 testes
991 1340 1170 1424 estis,
1199 1362 1457 1424 semper
1478 1362 1600 1425 ego
1622 1342 1967 1426 sententia,
1998 1342 2273 1406 auctori·

241 1434 400 1513 tate,
456 1429 771 1499 oratione.
796 1427 1079 1512 firmavi3
1135 1428 1243 1494 sed
1296 1428 1565 1493 credunt
1608 1429 1957 1515 improbis,
2002 1430 2273 1494 credunt

155 1533 213 1574 ¹⁶
242 1518 660 1602 turbulentis,
707 1516 977 1581 credunt
1025 1516 1176 1580 suis.
1271 1514 1441 1581 Sunt
1487 1521 1707 1581 autem
1752 1517 1960 1581 fortes
1997 1517 2098 1581 illi
2136 1518 2272 1602 qui-

241 1608 419 1693 dem,
473 1606 585 1671 sed
637 1608 909 1689 propter
963 1604 1346 1668 memoriam
1401 1627 1644 1688 rerum,
1710 1626 1870 1689 quas
1927 1609 2273 1691 gesserunt

240 1718 362 1781 pro
426 1693 652 1779 populi
707 1691 990 1757 Romani
1051 1692 1358 1756 libertate
1415 1696 1482 1757 et
1540 1693 1750 1757 salute
1805 1693 1901 1757 rei
1953 1693 2271 1778 publicae,

238 1784 438 1849 nimis
493 1782 742 1847 feroces
798 1784 865 1845 et
920 1781 1001 1844 ad
1047 1802 1233 1844 suam
1279 1780 1412 1845 vim
1460 1780 1678 1845 omnia
1722 1784 1953 1846 nostra
1998 1782 2272 1847 consilia

239 1874 640 1939 revocantes.
747 1866 1001 1933 Horum
1074 1888 1196 1954 ego
1277 1868 1745 1954 cogitationem
1816 1890 1949 1934 non
2023 1891 2268 1956 vereor,
2289 1881 2358 1931 30

155 1977 213 2017 20
238 1963 562 2046 impetum
614 1959 1024 2043 pertimesco.
1113 1957 1294 2023 Haec
1342 1953 1597 2041 quoque
1643 1961 1831 2023 tanta
1875 1958 2168 2042 pericula
2212 1959 2271 2022 si

240 2051 558 2136 effugero,
615 2047 859 2112 satisne
915 2049 1134 2110 tutum
1190 2046 1473 2110 reditum
1527 2046 1777 2130 putatis
1824 2045 2011 2110 fore?
2102 2045 2271 2112 Cum

240 2139 417 2204 enim
463 2141 530 2202 et
574 2139 859 2201 vestram
905 2133 1367 2199 auctoritatem
1412 2155 1556 2198 meo
1601 2155 1780 2199 more
1820 2133 2162 2199 defendero
2202 2137 2270 2199 et

241 2249 455 2292 meam
508 2225 703 2289 fidem
758 2223 852 2288 rei
901 2222 1199 2306 publicae
1247 2222 1812 2307 constantiamque
1856 2222 2269 2308 praestitero,

239 2320 385 2380 tum
440 2318 630 2379 erunt
683 2311 847 2376 mihi
899 2333 1034 2375 non
1086 2311 1135 2374 ii
1191 2311 1429 2394 solum,
1486 2310 1598 2395 qui
1643 2332 1746 2374 me
1780 2310 2098 2395 oderunt,
2154 2309 2269 2376 sed

154 2419 210 2460 25
239 2404 340 2469 illi
385 2403 611 2484 etiam,
658 2400 770 2485 qui
812 2398 1131 2481 invident,
1177 2398 1654 2463 extimescendi.

365 2489 788 2556 Custodiatur
839 2487 1045 2572 igitur
1096 2486 1235 2551 vita
1277 2487 1327 2570 †
1372 2508 1517 2552 mea
1563 2509 1612 2550 r.
1656 2509 1719 2570 p.
1768 2507 1998 2571 eaque,
2054 2486 2267 2569 quoad

240 2581 342 2646 vel
408 2578 694 2664 dignitas
748 2576 852 2641 vel
907 2578 1144 2639 natura
1196 2575 1513 2658 patietur,
1566 2575 1817 2658 patriae
1873 2578 2267 2657 reservetur3

239 2690 418 2734 mors
465 2670 580 2731 aut
623 2663 1082 2730 necessitatem
1125 2662 1368 2726 habeat
1413 2661 1535 2726 fati
1582 2666 1722 2744 aut,
1774 2663 1830 2724 si
1877 2665 2028 2724 ante
2075 2682 2265 2744 oppe-

239 2757 436 2821 tenda
479 2758 599 2838 est,
644 2755 992 2838 oppetatur
1038 2773 1185 2816 cum
1231 2750 1459 2836 gloria.
1548 2749 1731 2813 Haec
1777 2771 1925 2814 cum
1970 2748 2067 2811 ita
2114 2748 2265 2830 sint,

153 2869 210 2908 ιο
240 2845 365 2910 etsi
408 2844 577 2908 hanc
622 2841 1020 2927 legationem
1065 2860 1169 2903 res
1214 2838 1496 2922 publica,
1540 2841 1617 2901 ut
1662 2836 1989 2900 levissime
2036 2835 2266 2919 dicam,

236 2954 372 2997 non
415 2931 766 3012 desiderat,
821 2933 1067 3010 tamen,
1121 2927 1178 2990 si
1229 2930 1376 2990 tuto
1424 2926 1649 2990 licebit
1692 2924 1815 3007 ire,
1868 2923 2265 3008 proficiscar.

240 3020 552 3104 Omnino,
612 3022 833 3103 patres
900 3015 1281 3098 conscripti,
1344 3017 1561 3078 totum
1622 3011 1894 3076 huiusce
1959 3010 2054 3075 rei
2118 3032 2265 3075 con-

239 3109 461 3173 silium
512 3128 648 3173 non
699 3126 843 3170 meo
900 3104 1216 3188 pericu10,
1282 3102 1392 3166 sed
1456 3100 1745 3165 utilitate
1809 3099 1905 3163 rei
1962 3095 2262 3183 publicae

236 3196 489 3261 metiar.
577 3193 677 3259 De
723 3212 853 3278 qua
896 3191 1084 3269 mihi,
1133 3190 1442 3274 quoniam
1487 3189 1766 3252 liberum
1810 3190 1914 3252 est
1958 3187 2263 3270 spatium,

153 3311 207 3353 ω
236 3285 518 3348 multum
564 3282 766 3348 etiam
811 3284 1008 3364 atque
1050 3279 1248 3344 etiam
1288 3276 1825 3342 considerandum
1869 3273 2030 3359 puto
2068 3274 2263 3358 idque

234 3371 655 3456 potissimum
725 3368 1118 3452 faciendum,
1191 3366 1363 3450 quod
1438 3364 1715 3428 maxime
1788 3363 2104 3428 interesse
2166 3362 2271 3431 rei

233 3460 532 3545 publicae
576 3456 884 3524 iudicare.
