2550 3875
298 180 430 244 136
674 177 821 234 PRO
857 177 920 234 L.
960 176 1325 232 CORNELIO
1365 175 1610 231 BALBO
1649 175 1940 231 ORATIO.

294 339 580 426 vestras,
634 341 750 406 sed
802 340 873 404 in
929 340 1167 404 animis
1218 339 1514 404 omnium
1556 337 1819 422 penitus
1865 337 2206 422 insederit,
2259 341 2338 402 ut

295 430 447 515 plus
502 429 866 512 voluptatis
920 449 999 493 ex
1044 427 1496 493 recordatione
1541 425 1721 491 illius
1769 426 2088 491 orationis
2137 447 2337 510 quam

297 539 434 582 non
478 518 674 583 modo
722 538 803 582 ex
849 538 1013 599 mea,
1060 517 1173 582 sed
1218 538 1301 580 ex
1347 515 1733 599 cuiusquam
1771 514 2067 579 oratione
2106 535 2332 598 capere

238 608 282 672 2
302 605 593 691 possitis.
688 602 818 691 Sed
872 625 1017 670 mos
1067 608 1173 668 est
1217 603 1547 689 gerundus
1591 624 1726 668 non
1771 603 1966 667 modo
2014 601 2334 686 Cornelio,

215 736 224 746 ·
304 694 489 760 cuius
528 712 654 779 ego
690 692 1025 758 voluntati
1060 692 1132 756 in
1167 693 1309 756 eius
1342 691 1651 776 periculis
1679 690 1862 755 nullo
1891 690 2086 755 modo
2115 690 2334 754 deesse
2359 713 2388 754 ⁶

299 803 603 867 possum,
667 781 783 845 sed
838 781 1041 845 etiam
1086 778 1202 846 On.
1247 779 1594 863 Pompeio,
1660 779 1772 863 qui
1827 779 1930 843 sui
1983 777 2172 863 facti,
2236 779 2337 842 sui

302 869 558 954 iudicii,
610 869 713 933 sui
757 868 1067 933 beneficii
1111 867 1325 934 voluit
1370 889 1473 932 me
1520 888 1691 952 esse,
1735 870 1816 930 ut
1859 867 2031 950 apud
2076 866 2338 931 eosdem

302 979 451 1042 vos,
499 956 767 1041 iudices,
811 978 1021 1040 nuper
1064 955 1136 1020 in
1181 956 1312 1020 alia
1357 977 1555 1021 causa
1598 955 1854 1040 fuerim,
1901 959 1970 1019 et
2012 955 2338 1039 praedica-

303 1049 520 1112 torem
566 1048 636 1110 et
682 1047 987 1109 actorem.

251 1145 285 1193 5
440 1133 541 1198 Ac
596 1133 763 1196 mihi
820 1132 1082 1217 quidem
1134 1131 1261 1196 hoc
1317 1131 1589 1217 dignum
1640 1152 1710 1196 re
1754 1130 2020 1216 publica
2063 1129 2340 1213 videtur,
2368 1155 2421 1195 10

303 1221 433 1286 hoc
514 1221 737 1286 deberi
814 1219 1011 1285 huius
1084 1220 1462 1285 excellentis
1535 1219 1661 1284 viri
1734 1214 2340 1303 praestantissimae

194 1359 221 1420 9
306 1309 585 1396 gloriae,
647 1309 776 1374 hoc
840 1308 1185 1392 proprium
1246 1329 1388 1373 esse
1443 1307 1648 1372 vestri
1705 1306 1933 1390 officii,
1997 1306 2124 1372 hoc
2179 1307 2342 1370 satis
2443 1311 2454 1326 '

307 1419 451 1463 esse
498 1417 759 1480 causae,
814 1400 917 1480 ut,
970 1396 1143 1481 quod
1187 1395 1421 1461 fecisse
1469 1395 1584 1462 On.
1628 1395 2019 1479 Pompeium
2065 1397 2344 1478 constet,

306 1486 377 1550 id
423 1506 649 1550 omnes
687 1485 748 1548 ei
783 1484 1049 1549 licuisse
1088 1484 1461 1550 concedant.
1553 1481 1729 1548 Nam
1765 1483 1984 1548 verius
2018 1482 2184 1547 nihil
2222 1485 2343 1566 est,

310 1594 509 1658 quam
562 1573 736 1657 quod
780 1572 1088 1638 hesterno
1135 1573 1238 1638 die
1285 1572 1453 1637 dixit
1497 1572 1656 1657 ipse,
1701 1572 1800 1637 ita
1843 1570 1918 1636 L.
1965 1569 2342 1638 Cornelium
2373 1595 2427 1635 15

310 1661 389 1726 de
453 1659 739 1726 fortunis
805 1660 1109 1725 omnibus
1169 1660 1504 1745 dimicare,
1569 1664 1646 1725 ut
1697 1659 1943 1724 nullius
1995 1659 2067 1723 in
2121 1659 2346 1724 delicti

313 1748 561 1814 crimen
613 1752 976 1814 vocaretur.
1067 1746 1222 1814 Non
1277 1749 1452 1814 enim
1503 1747 1757 1814 furatus
1805 1769 1944 1814 esse
1992 1747 2346 1830 civitatem,

310 1857 446 1902 non
494 1856 701 1921 genus
748 1858 940 1902 suum
987 1837 1368 1922 ementitus,
1419 1859 1554 1903 non
1598 1837 1670 1901 in
1715 1837 1935 1920 aliquo
1981 1835 2347 1920 impudenti

310 1924 649 1990 mendacio
697 1925 1055 2010 delituisse,
1098 1948 1233 1991 non
1276 1925 1631 2010 inrepsisse
1667 1924 1739 1990 in
1774 1946 2043 1991 censum
2079 1924 2348 2009 dicitur;

310 2035 515 2078 unum
552 2013 855 2097 obicitur,
890 2018 1123 2079 natum
1160 2035 1304 2079 esse
1334 2013 1656 2098 Gadibus3
1693 2015 1867 2098 quod
1901 2016 2105 2100 negat
2133 2032 2347 2077 nemo·
2376 2038 2433 2078 20

314 2100 551 2167 Cetera
596 2106 941 2167 accusator
984 2102 1250 2186 fatetur,
1295 2103 1469 2168 hunc
1514 2102 1585 2166 in
1628 2102 1953 2187 Hispania
1996 2100 2346 2167 durissimo

311 2189 491 2255 bello
548 2210 697 2255 cum
744 2189 818 2267 Q.
865 2188 1160 2274 Metello,
1217 2212 1367 2255 cum
1412 2190 1481 2257 O.
1528 2189 1838 2256 Memmio
1894 2194 1963 2254 et
2017 2190 2088 2254 in
2140 2190 2349 2255 classe

314 2280 385 2342 et
420 2277 491 2341 in
519 2277 809 2343 exercitu
835 2277 1058 2362 fuisse,
1093 2282 1172 2343 ut
1198 2278 1552 2363 Pompeius
1581 2279 1652 2343 in
1677 2278 2069 2363 Hispaniam
2096 2278 2352 2342 venerit

312 2364 825 2449 Memmiumque
868 2365 1113 2432 habere
1160 2371 1575 2451 quaestorem
1621 2367 1936 2453 coeperit,
1991 2386 2351 2450 numquam

316 2474 357 2517 a
383 2452 695 2519 Memmio
726 2454 1131 2539 discessisse,
1168 2454 1570 2541 Carthagine
1607 2476 1749 2520 esse
1783 2475 2142 2540 opsessum,
2180 2474 2352 2521 acer·
2381 2480 2438 2520 25

316 2541 504 2606 rimis
540 2542 676 2606 illis
711 2541 982 2626 proeliis
1020 2546 1090 2607 et
1124 2543 1446 2627 maximis,
1496 2541 1888 2609 Sucronensi
1929 2546 1997 2608 et
2032 2541 2354 2625 Turiensi,

316 2628 725 2713 interfuisse,
782 2652 931 2695 cum
983 2631 1300 2715 Pompeio
1353 2631 1436 2695 ad
1481 2636 1844 2696 extremum
1889 2630 2048 2695 belli
2093 2633 2355 2714 tempus

268 2716 542 2782 afuisse.
652 2717 835 2783 Haec
898 2722 1056 2783 sunt
1115 2719 1383 2803 propria
1446 2718 1733 2804 Corneli,
1804 2720 2017 2804 pietas
2078 2719 2152 2782 in
2213 2740 2355 2782 rem

316 2805 654 2889 publicam
697 2810 1024 2891 nostram,
1074 2807 1279 2893 labor,
1327 2808 1697 2892 assiduitas,
1743 2806 2097 2891 dimicatio,
2142 2806 2356 2871 virtus

318 2893 520 2979 digna
565 2914 822 2959 summo
867 2896 1283 2980 imperatore,
1328 2918 1479 2981 spes
1524 2918 1644 2980 pro
1686 2896 1996 2980 periculis
2034 2894 2355 2980 praemio·
2385 2920 2442 2961 so

319 3002 494 3065 rum3
537 2982 831 3066 praemia
877 2984 1139 3067 quidem
1176 2984 1322 3068 ipsa
1354 3006 1490 3049 non
1524 2989 1680 3050 sunt
1715 2984 1786 3049 in
1823 2984 1961 3050 eius
1997 2982 2193 3066 facto,
2241 2982 2358 3066 qui

259 3070 301 3135 3
324 3070 601 3154 adeptus
638 3074 760 3153 est,
796 3071 911 3136 sed
948 3071 1020 3135 in
1055 3072 1212 3155 eius,
1251 3073 1364 3156 qui
1401 3072 1596 3137 dedit.
1672 3072 1973 3137 Donatus
2011 3075 2116 3136 est
2150 3070 2359 3157 igitur

322 3157 408 3222 ob
465 3179 574 3222 eas
626 3180 855 3223 causas
902 3179 943 3222 a
988 3158 1102 3226 Cn.
1147 3159 1465 3244 Pompeio
1512 3161 1800 3226 civitate.
1890 3158 1967 3225 Id
2015 3161 2361 3224 accusator

318 3264 455 3308 non
487 3249 707 3331 negat,
744 3246 856 3311 sed
893 3247 1330 3331 reprehendit,
1365 3252 1442 3313 ut
1478 3248 1549 3312 in
1578 3247 2119 3315 Corneliocausa
2151 3246 2360 3331 ipsius

320 3332 655 3416 probetur,
689 3354 904 3416 poena
946 3338 1316 3420 quaeratur,
1352 3336 1423 3400 in
1457 3336 1772 3421 Pompeio
1811 3336 2361 3419 causa-laedatur,
2390 3358 2445 3399 ⁸⁵

320 3438 534 3501 poena
562 3420 652 3483 sit
692 3420 874 3484 nulla
909 3420 1039 3486 nisi
1077 3421 1310 3487 famae.
1387 3421 1494 3488 Sic
1522 3424 2046 3490 innocentissimi
2072 3423 2362 3489 hominis

320 3502 653 3590 fortunas,
702 3508 1258 3591 praestantissimi
1302 3510 1722 3596 imperatoris
1767 3511 2018 3577 factum
2055 3513 2366 3578 condem-
