2550 3875
816 195 967 252 CAP.
1012 202 1219 251 11-—15
1255 204 1288 264 g
1325 203 1555 256 24—35.
2069 196 2203 260 253

144 381 283 424 non
331 381 474 424 esse
519 357 646 424 hoc
691 358 1006 424 iudicium
1049 359 1293 443 iudicii,
1344 359 1459 424 sed
1504 359 1927 425 comitiorum
1972 379 2203 424 consu-

146 448 393 512 larium
439 469 636 512 causa
683 450 1152 531 comparatum.

332 534 462 600 Hic
525 556 648 621 ego
713 534 1006 619 Appium
1071 535 1447 620 Claudium,
1519 535 1854 601 consulem
1916 534 2195 598 fortissi·
2218 554 2285 602 31

152 646 338 688 mum
384 627 579 709 atque
627 624 1123 688 ornatissimum
1168 623 1384 688 virum
1422 637 1825 708 mecumque,
1869 626 1947 686 ut
1984 644 2197 707 sper0,

91 729 122 770 5
150 713 333 777 fideli
386 713 458 776 in
511 712 800 797 gratiam
853 712 1072 777 reditu
1124 711 1446 796 firmoque
1502 711 1951 796 coniunctum,
2012 711 2196 776 nullo

147 801 326 884 loc0,
389 800 664 884 iudices,
731 800 1140 884 vituperabO.
1240 799 1517 864 Fuerint
1572 800 1747 864 enim
1803 821 1915 863 eae
1970 803 2196 884 partes

153 894 270 953 aut
318 889 477 973 eius,
524 910 716 973 quem
759 888 828 952 id
872 887 1086 952 facere
1134 888 1322 953 dolor
1368 892 1437 953 et
1474 887 1761 972 suspicio
1800 909 1921 953 8113.
1957 888 2195 971 coegit,

151 980 268 1042 aut
332 976 498 1060 61118,
563 977 674 1059 (1111
735 976 858 1040 1138
913 977 1043 1041 sibi
1096 981 1321 1061 partes
1377 975 1789 1061 depoposcit,
1854 975 2026 1059 quod
2082 981 2197 1040 aut

149 1087 288 1130 non
342 1065 929 1149 animadvertebat,
985 1086 1178 1149 quem
1231 1064 1539 1149 violaret,
1593 1068 1708 1128 aut
1757 1063 2023 1129 facilem
2068 1063 2197 1128 sibi

71 1171 125 1209 10
151 1153 294 1218 fore
359 1153 430 1217 in
493 1153 779 1237 gratiam
843 1153 1128 1217 reditum
1193 1152 1668 1236 arbitrabatur3
1740 1172 1864 1237 ego
1930 1155 2191 1215 tantum
2214 1171 2283 1218 32

152 1242 387 1326 dicam,
433 1241 606 1326 quod
643 1245 712 1306 et
748 1263 980 1306 causae
1019 1241 1182 1305 satis
1219 1245 1289 1305 et
1323 1241 1394 1305 in
1429 1241 1619 1305 illum
1656 1241 1923 1304 minime
1962 1239 2197 1302 durum

153 1335 269 1394 aut
326 1351 630 1413 asperum
681 1329 896 1414 possit
950 1351 1109 1394 esse.
1203 1328 1374 1405 Quid
1430 1329 1605 1393 enim
1657 1329 1860 1393 habet
1914 1327 2197 1410 turpitu-

153 1419 325 1482 dinis
391 1417 682 1501 Appium
744 1416 1091 1483 Claudium
1144 1417 1231 1481 M.
1290 1415 1535 1482 Scauro
1601 1438 1742 1482 esse
1808 1415 2195 1480 inimicum?

154 1506 372 1583 Quid?
435 1527 591 1571 avos
658 1506 794 1571 eius
850 1504 922 1570 P.
978 1505 1292 1570 Africano
1355 1528 1491 1570 non
1553 1504 1708 1588 fuit,
1774 1504 1975 1589 quid?
2031 1503 2197 1567 mihi

74 1611 126 1650 1⁵
151 1595 283 1679 ipsi
357 1594 529 1658 idem
603 1593 757 1678 iste,
797 1593 1030 1678 quid?
1103 1614 1224 1677 ego
1291 1592 1442 1657 illi?
1554 1593 1733 1670 Quae
1806 1591 2195 1657 inimicitiae

151 1683 446 1748 dolorem
491 1683 756 1766 utrique
799 1686 1102 1746 nostrum
1148 1682 1431 1746 fortasse
1478 1681 1859 1766 aliquandO,
1917 1680 2195 1746 dedecus

151 1793 306 1836 vero
365 1774 541 1835 certe
585 1792 946 1854 numquam
992 1763 1377 1834 attulerunt.
1470 1767 1845 1844 Successori
1892 1769 2193 1834 decessor
2213 1788 2283 1836 33

151 1859 418 1943 invidit,
481 1858 693 1923 voluit
766 1880 916 1922 eum
993 1879 1189 1944 quam
1262 1858 1543 1922 maxime
1618 1857 1974 1941 offensum,
2064 1878 2193 1941 quo

155 1949 369 2033 magis
426 1947 632 2031 ipsius
690 1948 1005 2012 memoria
1053 1947 1427 2031 excelleret3
1482 1968 1586 2011 res
1640 1969 1775 2011 non
1820 1946 2015 2011 modo
2060 1967 2199 2010 non

74 2062 128 2102 20
153 2036 513 2101 abhorrens
562 2058 601 2099 a
645 2035 1139 2119 consuetudine,
1193 2035 1307 2100 sed
1351 2034 1601 2099 usitata
1646 2035 1848 2099 etiam
1893 2037 1961 2097 et
2006 2033 2194 2097 valde

151 2127 527 2209 pervagata.
621 2122 850 2208 Neque
907 2146 1062 2188 vero
1116 2127 1256 2187 tam
1308 2123 1471 2188 haec
1517 2124 1664 2207 ipsa
1710 2122 2043 2187 cotidiana
2086 2143 2193 2185 res
2218 2130 2303 2195 15

152 2213 449 2296 Appium
493 2210 839 2277 Claudium
893 2211 1011 2275 1113.
1062 2211 1473 2275 humanitate
1529 2216 1597 2276 et
1644 2210 1969 2295 sapientia
2013 2232 2195 2293 prae-

153 2301 368 2365 ditum
439 2322 557 2384 per
620 2321 689 2365 se
753 2300 899 2384 ipsa
962 2300 1303 2383 movisset,
1375 2300 1505 2363 nisi
1568 2300 1743 2364 hunc
1808 2297 1877 2366 C.
1944 2297 2196 2382 Claudi,

151 2389 383 2453 fratris
459 2388 588 2472 sui,
661 2388 1160 2472 competitorem
1227 2350 1369 2453 fo're
1433 2392 1748 2473 putasset
1860 2386 1989 2463 Qui
2054 2386 2189 2451 sive
2212 2406 2285 2455 34

76 2502 128 2543 25
156 2476 505 2561 patricius
518 2476 652 2540 sive
691 2476 986 2560 plebeius
1015 2480 1188 2540 esset
1219 2473 1536 2560 (nondum
1566 2477 1740 2540 enim
1769 2479 2021 2541 certum
2048 2496 2197 2539 con—

153 2560 524 2649 stituerat),
590 2586 737 2629 cum
791 2564 918 2629 hoc
973 2564 1102 2629 sibi
1159 2564 1647 2629 contentionem
1700 2565 1839 2628 1016
1893 2564 2197 2648 putabat,

151 2653 412 2738 Appius
461 2656 680 2716 autem
715 2652 844 2717 hoc
879 2653 1195 2717 maiorem
1234 2652 1453 2753 etiam,
1497 2652 1672 2736 quod
1709 2652 1953 2715 illum
1932 2674 2004 2716 111
2040 2674 2196 2735 pon-

152 2742 448 2806 tificatus
512 2740 858 2824 petitione,
922 2741 994 2804 in
1051 2741 1321 2825 saliatu,
1383 2741 1455 2804 in
1517 2740 1752 2805 ceteris
1807 2740 2196 2804 meminerat

117 2830 358 2895 1111886
404 2829 774 2913 patricium.
867 2828 1079 2905 Quam
1127 2829 1209 2893 ob
1258 2851 1397 2893 rem
1435 2850 1503 2892 se
1551 2828 1814 2893 consule
1850 2848 2061 2911 neque
2099 2847 2196 2889 re-

73 2945 126 2984 ao
149 2918 313 3003 pelli
376 2916 651 2981 fratrem
714 2917 979 2982 volebat
1032 2938 1270 3001 neque,
1334 2918 1461 2981 iste
1516 2916 1576 2981 si
1628 2914 1945 2999 patricius
2002 2916 2196 2997 esset,

149 3028 383 3091 parem
422 3004 666 3071 Scauro
712 3005 853 3070 fore
899 3005 1182 3090 videbat,
1225 3004 1358 3069 nisi
1392 3004 1566 3069 hunc
1604 3005 1823 3088 aliquo
1862 3005 1977 3066 aut
2013 2964 2196 3065 metu,

151 3098 271 3159 aut
343 3093 618 3158 infamia
690 3094 1096 3178 perculisset.
1203 3093 1351 3179 Ego
1424 3092 1492 3156 id
1554 3092 1749 3156 fratri
1810 3091 1881 3154 in
1943 3090 2192 3153 honore
2212 3108 2284 3158 35

149 3182 382 3247 fratris
422 3182 826 3265 amplissimo
853 3204 988 3248 non
1016 3181 1497 3247 concedendum
1524 3183 1769 3264 putem,
1803 3177 2193 3262 praesertim

152 3293 297 3355 qm,
393 3270 549 3355 quid
640 3292 824 3335 amor
903 3270 1230 3335 fraternus
1314 3270 1558 3353 valeat,
1645 3287 1851 3352 paene
1933 3269 2194 3349 praeter

74 3383 125 3425 35
153 3364 412 3424 ceteros
487 3357 811 3423 sentiam?
915 3358 1010 3423 At
1084 3358 1258 3422 enim
1329 3356 1537 3421 frater
1609 3356 1743 3420 iam
1805 3376 1941 3419 non
2003 3354 2193 3438 petit.

155 3447 330 3524 Quid
385 3447 574 3511 tum‘?
668 3444 740 3511 Si
785 3446 898 3511 1116
953 3450 1248 3511 retentus
1308 3467 1347 3509 a
1393 3448 1628 3509 cuncta
1673 3443 1836 3509 Asia
1880 3440 2193 3526 supplice,

151 3536 212 3601 si
268 3558 308 3599 a
361 3534 920 3621 negotiatoribus,
977 3534 1034 3599 si
1089 3556 1129 3598 a
1179 3531 1577 3619 publicaniS,
1633 3531 1692 3595 si
1747 3531 1828 3595 ab
1887 3529 2192 3595 omnibus
