2550 3875
371 183 501 247 178
929 180 1010 235 IN
1047 179 1107 237 L.
1145 179 1477 237 PISONEM
1519 179 1812 236 ORATIO.

371 343 650 426 direptio
705 364 792 406 an
845 362 1155 427 agrorum
1199 341 1619 426 depopulatio
1666 365 1753 408 an
1797 342 2076 409 munitio
2123 342 2402 408 Thessa·

370 431 619 496 lonicae
672 452 757 494 an
802 429 1094 495 obsessio
1142 429 1449 494 militaris
1495 429 1639 495 viae
1686 452 1770 495 an
1816 431 2137 496 exercitus
2181 431 2401 496 nostri

369 519 676 584 interitus
727 517 903 583 ferro
913 566 932 601 ,
984 517 1186 602 fame,
1240 517 1514 603 frigore,
1568 518 1991 602 pestilentia?
2076 517 2178 583 Tu
2220 541 2399 604 ver0,

371 606 484 691 qui
539 607 622 672 ad
675 609 976 672 senatum
1028 605 1194 669 nihil
1251 606 1617 689 scripseris,
1669 609 1749 671 ut
1802 606 1873 671 in
1912 607 2076 672 urbe
2120 607 2399 690 nequior

369 694 674 759 inventus
736 715 804 758 es
865 715 1066 778 quam
1121 691 1469 777 Gabinius,
1538 693 1633 758 sic
1687 694 1759 758 in
1809 693 2147 779 provincia
2195 695 2397 779 paulo
2454 712 2487 754 s

281 794 352 843 41
374 785 597 846 tamen
651 803 847 866 quam
900 782 1013 846 ille
1067 781 1428 846 demissior.
1518 779 1693 846 Nam
1747 781 1858 846 ille
1908 803 2149 868 gurges
2196 786 2399 866 atque

371 870 590 934 helluo
634 875 830 934 natus
878 869 1210 935 abdomini
1255 891 1395 970 suo,
1438 890 1573 934 non
1616 869 1791 934 laudi
1828 873 1895 934 et
1932 870 2200 956 gloriae,
2244 892 2399 936 cum

372 959 622 1042 equites
669 959 1002 1023 Romanos
1047 957 1116 1022 in
1159 957 1512 1042 provincia,
1558 979 1708 1023 cum
1752 958 2135 1041 publicanos
2175 959 2401 1024 nobis-

373 1067 520 1110 cum
575 1051 642 1111 et
694 1047 1031 1111 voluntate
1087 1049 1155 1109 et
1211 1045 1533 1131 dignitate
1580 1045 1959 1112 coniunctos
2008 1046 2219 1111 omnis
2264 1046 2399 1113 for-

372 1134 570 1218 tunis,
605 1134 848 1199 multos
887 1133 1062 1198 fama
1090 1133 1355 1217 vitaque
1383 1133 1724 1217 privasset,
1762 1155 1911 1199 cum
1936 1134 2182 1220 egisset
2210 1134 2393 1199 aliud
2428 1155 2483 1194 ιο

370 1222 536 1286 nihil
582 1222 697 1288 illo
745 1222 1049 1305 exercitu,
1093 1221 1223 1286 nisi
1267 1225 1344 1285 ut
1387 1222 1584 1286 urbes
1630 1222 2150 1306 depopularetur,
2196 1243 2398 1309 agros

371 1313 678 1394 vastaret,
729 1309 1100 1375 exhauriret
1146 1311 1395 1394 domos,
1440 1331 1635 1374 ausus
1682 1313 1784 1374 est
1831 1307 2015 1395 (quid
2060 1311 2236 1375 enim
2279 1311 2399 1378 ille

369 1420 505 1462 non
576 1399 809 1462 audeat
817 1396 878 1481 P)
954 1419 994 1461 a
1057 1401 1289 1462 senatu
1351 1361 1895 1481 supplicationem
1955 1419 2073 1482 per
2133 1399 2399 1464 litteras

269 1487 352 1552 18
372 1486 740 1586 postulare..
816 1483 871 1549 Ο
929 1485 996 1550 di
1049 1485 1483 1550 immortales!
1538 1489 1697 1552 tune
1740 1486 1942 1550 etiam
1988 1490 2185 1571 atque
2231 1487 2399 1553 adeo

371 1594 960 1726 {Samgssfflssnl
963 1573 1708 1745 “535333130053215333
1744 1574 2485 1749 {30533301222'35‘
2548 1603 2550 1678 Ὺ

373 1771 476 1814 me
533 1771 610 1813 ea
663 1753 928 1814 senatus
985 1749 1287 1814 consulta
1337 1751 1606 1815 absente
1652 1748 1829 1815 facta
1875 1751 2033 1835 sint,
2088 1773 2200 1815 eae
2246 1773 2403 1816 con-

371 1837 584 1902 tiones
629 1837 912 1920 habitae,
957 1837 1016 1901 is
1063 1842 1283 1902 motus
1329 1837 1530 1903 fuerit
1574 1838 2077 1922 municipiorum
2118 1842 2187 1904 et
2224 1839 2401 1905 colo-

371 1925 628 1991 niarum
666 1925 974 2010 omnium,
1013 1948 1090 1992 ea
1125 1926 1386 1992 decreta
1422 1926 1937 2012 publicanorum,
1978 1950 2055 1993 ea
2094 1927 2403 2015 collegio-

373 2037 544 2100 rum,
591 2035 667 2079 ea
711 2014 988 2097 denique
1034 2034 1345 2100 generum
1392 2016 1819 2099 ordinumque
1866 2016 2174 2100 omnium,
2225 2038 2398 2117 quae
2430 2038 2488 2077 ιο

370 2124 504 2167 non
540 2102 732 2167 modo
771 2122 894 2187 ego
934 2106 1161 2187 optare
1195 2124 1555 2187 numquam
1590 2104 1912 2187 auderem,
1950 2105 2063 2167 sed
2100 2104 2400 2190 cogitare

371 2212 504 2256 non
537 2212 817 2274 possem,
862 2212 980 2255 vos
1017 2194 1236 2256 autem
1274 2191 1701 2275 sempiternas
1738 2191 2152 2257 foedissimae
2189 2194 2403 2277 turpi—

279 2290 352 2339 42
373 2278 616 2343 tudinis
660 2281 852 2343 notas
900 2278 1277 2344 subieritis?
1358 2279 1467 2343 An
1510 2300 1660 2364 ego,
1717 2279 1773 2343 si
1821 2284 1887 2344 te
1924 2284 1991 2344 et
2039 2278 2403 2347 Gabinium

373 2367 548 2431 cruci
613 2366 884 2431 suffixos
946 2366 1259 2451 viderem,
1332 2366 1576 2431 maiore
1640 2366 1933 2432 afficerer
1993 2367 2251 2433 laetitia
2314 2391 2402 2435 ex

371 2455 662 2538 corporis
718 2454 922 2520 vestri
974 2455 1396 2538 laceratione,
1452 2475 1647 2537 quam
1697 2454 1949 2520 afficior
2002 2477 2082 2520 ex
2134 2455 2400 2529 famae?
2432 2476 2491 2516 25

373 2542 646 2608 Nullum
692 2547 794 2608 est
836 2544 1228 2628 supplicium
1272 2542 1651 2626 putandum,
1698 2564 1827 2626 quo
1873 2543 2049 2608 affici
2086 2566 2241 2609 casu
2280 2545 2401 2608 ali-

373 2653 501 2714 quo
567 2631 766 2695 etiam
819 2632 978 2696 boni
1031 2631 1156 2696 viri
1210 2630 1542 2712 fortesque
1597 2635 1893 2714 possunt.
1992 2631 2211 2715 Atque
2264 2632 2401 2699 hoc

373 2719 634 2803 quidem
687 2719 889 2784 etiam
941 2719 1056 2784 isti
1099 2719 1200 2783 tui
1245 2718 1469 2783 dicunt
1514 2719 1868 2803 voluptarii
1916 2717 2149 2785 Graeci
2192 2718 2397 2805 (quos

370 2808 624 2872 utinam
668 2808 766 2872 ita
802 2806 1090 2889 audires,
1120 2809 1196 2869 ut
1232 2811 1419 2871 erant
1456 2807 1782 2885 audiendi·
1825 2828 2182 2891 numquam
2218 2812 2284 2872 te
2324 2808 2403 2873 in

369 2899 474 2960 tot
509 2896 765 2995 flagitia
799 2858 1294 2995 ingurgitasses.
1365 2893 1611 2960 Verum
1638 2896 1871 2960 audis'
1852 2917 1922 2960 ιιι
1947 2896 2401 2981 praesepibus,
2432 2916 2492 2955 so

371 2983 554 3052 audis
610 2984 680 3048 ιιι
733 2982 1008 3066 stupris,
1060 2982 1246 3045 audis
1300 2982 1371 3046 in
1424 2984 1569 3048 cibo
1621 2988 1687 3047 et
1740 2982 1951 3069 vino);
2006 2984 2119 3048 sed
2166 2984 2403 3049 dicunt

368 3072 484 3135 isti
537 3071 692 3155 ipsi,
748 3070 861 3154 qui
915 3070 1088 3134 mala
1141 3070 1392 3154 dolore,
1445 3070 1617 3135 bona
1670 3071 2009 3155 voluptate
2055 3071 2401 3157 definiunt,

369 3159 756 3242 sapientem,
811 3158 1073 3222 etiamsi
1127 3158 1197 3221 in
1240 3156 1607 3222 Phalaridis
1661 3162 1852 3225 tauro
1908 3159 2195 3224 inclusus
2252 3182 2401 3225 suc-

369 3248 580 3311 censis
627 3246 890 3330 ignibus
936 3250 1291 3329 torreatur,
1345 3245 1671 3311 dicturum
1716 3251 1938 3311 tamen
1982 3269 2180 3312 suave
2225 3248 2399 3313 illud

369 3354 510 3397 esse
557 3355 753 3417 seque
798 3355 879 3398 ne
925 3334 1255 3399 tantulum
1301 3334 1561 3418 quidem
1606 3336 2017 3400 commoveri.
2108 3334 2400 3401 Tantam
2432 3355 2492 3396 35

367 3420 632 3484 virtutis
688 3422 824 3485 vim
877 3443 1018 3485 esse
1071 3421 1444 3508 voluerunt,
1498 3426 1574 3487 ut
1617 3444 1750 3488 non
1792 3426 2019 3506 posset
2062 3444 2205 3487 esse
2252 3446 2400 3489 um-

277 3518 346 3565 43
369 3527 564 3588 quam
617 3507 719 3572 vir
763 3509 974 3574 bonus
1019 3531 1154 3574 non
1197 3510 1446 3574 beatus.
1538 3509 1717 3585 Quae
1764 3514 1865 3575 est
1908 3511 2115 3595 igitur
2158 3532 2399 3597 poena,
