2550 3875
868 134 1023 190 CAP.
1062 141 1273 191 21-23
1311 142 1342 202 s
1380 140 1604 191 48-52.
2165 139 2254 205 23

216 297 306 361 ad
342 296 849 363 incertissimam
885 319 1068 381 spem
1105 302 1172 362 et
1210 299 1292 362 ad
1330 298 1426 363 rei
1459 297 1760 382 publicae
1797 298 2010 364 fatum
2051 322 2256 366 reser-

216 384 431 469 vavit3
477 406 620 470 eg0,
666 385 796 468 qui,
842 406 1035 468 quem
1082 385 1162 449 ad
1208 386 1475 450 modum
1520 386 1716 450 multi
1761 386 1832 452 ιιι
1878 393 2110 456 senatu
2147 412 2252 455 me

217 476 494 575 apsente
528 473 848 557 dixerunt,
882 472 1175 555 periculo
1203 474 1300 539 rei
1325 473 1626 558 publicae
1656 474 1971 558 vivebam,
2011 476 2252 561 quique

219 562 311 626 ob
367 582 513 626 eam
569 582 831 625 causam
888 560 1340 626 consularibus
1385 560 1628 626 litteris
1677 564 1755 627 de
1803 568 2066 629 senatus
2113 586 2254 631 sen-

153 668 185 709 5
218 649 436 716 tentia
463 649 703 714 exteris
730 648 1109 716 nationibus
1138 649 1656 735 commendabar‚
1691 672 1924 735 nonne,
1953 652 2012 716 si
2038 674 2254 735 meam

214 738 433 803 vitam
470 736 915 821 deseruissem,
951 758 1091 802 rem
1126 738 1461 822 publicam
1494 738 1970 822 prodidissem?
2014 740 2085 805 in
2123 762 2254 825 qua

217 826 487 911 quidem
539 846 712 901 nunc
766 846 871 889 me
918 826 1227 890 restituto
1284 825 1448 890 vivit
1499 848 1756 893 mecum
1801 827 1996 893 simul
2044 850 2253 893 exem-

213 915 408 999 plum
443 913 596 977 fidei
630 913 946 998 publicae.
1014 913 1205 989 Quod
1238 914 1298 979 si
1323 914 1698 979 immortale
1727 915 2063 1000 retinetur,
2102 917 2249 1001 quis

212 1024 357 1067 non
419 1001 750 1087 intellegit
804 1001 1243 1067 immortalem
1297 1001 1468 1067 hanc
1523 1002 1860 1069 civitatem
1912 1003 2250 1071 futuram?

125 1115 184 1155 ιο
215 1089 398 1158 Nam
454 1093 721 1154 externa
775 1089 950 1153 bella
1004 1110 1261 1176 regum,
1331 1090 1656 1175 gentium,
1715 1092 2059 1157 nationum
2113 1093 2248 1159 iam
2268 1150 2335 1198 51

210 1178 477 1263 pridem
512 1178 610 1241 ita
644 1178 936 1244 extincta
971 1181 1143 1262 sunt,
1179 1182 1255 1243 ut
1290 1179 1621 1262 praeclare
1659 1200 1810 1245 cum
1844 1179 1926 1243 iis
1957 1200 2248 1265 agamus,

216 1288 389 1351 quos
424 1270 695 1350 pacatos
738 1287 882 1331 esse
914 1265 1273 1350 patiamur3
1309 1266 1585 1349 denique
1614 1288 1691 1331 ex
1718 1267 1955 1332 bellica
1972 1268 2252 1333 victoria

211 1376 357 1419 non
400 1353 535 1419 fere
583 1375 976 1439 quemquam
1022 1357 1123 1418 est
1159 1353 1406 1419 invidia
1443 1354 1684 1419 civium
1719 1360 2095 1441 consecuta3
2141 1357 2250 1424 do-

214 1441 514 1507 mesticis
561 1442 753 1506 malis
800 1445 868 1507 et
914 1442 1255 1510 audacium
1303 1442 1544 1508 civium
1585 1442 1876 1509 consiliis
1917 1464 2110 1528 saepe
2147 1448 2252 1509 est

120 1556 181 1597 16
215 1530 679 1613 resistendum,
725 1551 1079 1615 eorumque
1123 1530 1566 1613 periculorum
1613 1535 1715 1595 est
1759 1531 1829 1595 in
1875 1553 1944 1597 re
1984 1532 2252 1617 publica

214 1619 563 1683 retinenda
590 1618 936 1703 medicina3
964 1638 1160 1705 quam
1189 1640 1466 1703 omnem,
1493 1619 1756 1704 iudices,
1779 1620 2250 1703 perdidissetis,

212 1708 278 1771 si
328 1728 473 1772 meo
519 1706 792 1773 interitu
830 1706 1086 1771 senatui
1121 1707 1495 1791 populoque
1528 1706 1827 1773 Romano
1865 1708 2110 1774 doloris
2147 1710 2251 1773 sui

214 1797 299 1860 de
350 1816 453 1859 me
497 1794 866 1869 declarandi
902 1798 1198 1879 potestas
1237 1799 1413 1859 esset
1450 1799 1688 1895 erepta.
1766 1794 1979 1871 Quare
2017 1818 2251 1861 moneo

213 1905 371 1967 vos,
422 1883 893 1967 adulescentes,
941 1886 1137 1968 atque
1181 1882 1310 1950 hoc
1356 1905 1500 1950 meo
1546 1884 1686 1949 iure
1728 1905 2089 1969 praecipio,
2137 1885 2253 1970 qui

120 2001 183 2040 20
216 1972 642 2058 dignitatem,
694 1971 807 2057 qui
852 1993 990 2038 rem
1034 1971 1384 2056 publicam,
1431 1972 1547 2056 qui
1589 1973 1871 2058 gloriam
1917 1973 2251 2056 spectatis,

212 2083 323 2144 ne,
370 2060 429 2124 si
474 2081 640 2144 quae
684 2081 802 2125 vos
845 2059 1192 2144 aliquando
1228 2062 1586 2126 necessitas
1624 2061 1706 2126 ad
1741 2082 1880 2132 rem
1916 2060 2252 2145 publicam

214 2152 456 2214 contra
498 2148 836 2231 improbos
884 2148 1043 2212 civis
1082 2147 1548 2215 defendendam
1585 2149 1865 2232 vocabit,
1913 2149 2249 2234 segniores

214 2236 373 2302 sitis
438 2240 506 2300 et
566 2235 1015 2300 recordatione
1081 2236 1210 2302 mei
1274 2256 1462 2302 casus
1523 2258 1564 2301 a
1617 2200 1908 2302 consiliis
1963 2236 2250 2301 fortibus

214 2324 587 2409 refugiatiS.
667 2322 965 2390 Primum
1017 2345 1152 2390 non
1198 2328 1302 2388 est
1344 2324 1736 2408 periculum,
1788 2347 1870 2389 ne
1918 2323 2065 2408 quis
2112 2346 2249 2390 um-

120 2440 181 2482 25
216 2434 423 2498 quam
459 2411 758 2476 incidat
739 2434 811 2476 ιιι
846 2411 985 2476 eius
1024 2412 1202 2477 modi
1238 2412 1556 2497 consules,
1648 2412 1991 2478 raesertim
2028 2413 2087 2476 si
2123 2413 2250 2478 erit

213 2502 305 2566 iis
363 2500 457 2584 id,
513 2500 687 2584 quod
737 2500 1037 2584 debetur,
1089 2500 1515 2586 persolutum.
1537 2434 1847 2565 {reinde
1890 2522 2252 2584 numquam

214 2590 376 2673 iam,
419 2591 497 2652 ut
541 2609 751 2672 spero,
798 2551 1145 2671 quisqu'am
1189 2587 1529 2670 improbus
1577 2589 1850 2654 consilio
1899 2593 1968 2653 et
2005 2589 2249 2657 auxilio

214 2679 547 2742 bonorum
602 2697 671 2740 se
728 2696 1105 2760 oppugnare
1159 2697 1299 2739 rem
1351 2676 1684 2760 publicam
1740 2677 1912 2745 dicet
1965 2676 2098 2741 illis
2157 2681 2252 2742 ta—

216 2764 523 2830 centibus
588 2785 709 2828 nec
765 2764 1005 2829 armati
1060 2764 1381 2828 exercitus
1438 2768 1758 2828 terrorem
1813 2768 2101 2848 opponet
2155 2768 2252 2830 to-

118 2881 185 2924 30
217 2852 431 2938 gatis3
474 2873 682 2936 neque
730 2852 857 2918 erit
902 2852 1079 2917 iusta
1124 2873 1320 2917 causa
1367 2852 1447 2916 ad
1491 2856 1718 2935 portas
1766 2852 2017 2918 sedenti
2051 2851 2254 2952 impe-

214 2939 459 3024 ratori,
517 2961 715 3026 quare
772 2961 963 3004 suum
1017 2944 1337 3004 terrorem
1385 2939 1554 3004 falso
1601 2940 1834 3006 iactari
1881 2939 2252 3024 opponique

212 3028 534 3114 patiatur.
615 3026 993 3112 Numquam
1050 3027 1326 3111 denique
1380 3028 1510 3092 erit
1564 3031 1703 3092 tam
1760 3049 2110 3126 oppressus
2157 3048 2255 3095 se·

210 3120 446 3199 natus,
508 3119 586 3180 ut
648 3116 709 3180 ei
770 3137 853 3180 ne
917 3115 1327 3202 supplicandi
1393 3117 1657 3200 quidem
1711 3137 1787 3180 ac
1841 3115 2108 3199 lugendi
2162 3115 2254 3183 sit

213 3207 539 3290 potestaS,
575 3207 715 3268 tam
753 3207 984 3288 captus
1022 3207 1326 3290 equester
1362 3204 1539 3289 ordo,
1574 3208 1652 3268 ut
1688 3202 1940 3290 equites
1967 3201 2254 3286 Romani

118 3320 181 3362 85
216 3316 260 3357 a
308 3291 575 3362 consule
630 3293 1019 3392 relegentur.
1106 3290 1286 3367 Quae
1342 3313 1488 3358 cum
1541 3291 1762 3356 omnia
1806 3294 2002 3374 atque
2050 3274 2254 3366 etiam

214 3380 436 3452 multo
466 3379 597 3446 alia
624 3380 892 3464 maiora,
931 3401 1095 3464 quae
1125 3379 1428 3447 consulto
1453 3382 1816 3479 praetereo,
1843 3377 2253 3462 accidissent,

212 3467 460 3537 videtis
498 3489 601 3532 me
638 3473 857 3546 tamen
896 3466 963 3534 in
1003 3489 1217 3535 meam
1252 3466 1604 3554 pristinam
1641 3463 2032 3552 dignitatem
2067 3428 2256 3535 brevi

2269 1060 2356 1125 23

2268 2344 2339 2396 52
