2550 3875
793 159 947 217 cAP.
987 169 1123 216 5-7
1162 169 1192 228 5
1233 169 1457 217 14—19.
1995 165 2121 228 561

122 324 234 389 sed
306 323 504 387 etiam
569 323 984 387 celeberrima
1053 322 1278 407 populi
1342 323 1618 389 Romani
1691 326 2127 410 gratulatione

123 412 410 476 auxerit

61 568 63 571 ,
251 497 430 564 Haec
471 471 848 583 interposui,
891 503 1111 585 patres
1150 501 1517 584 conscripti,
1559 523 1692 566 non
1727 505 1865 568 tam
1899 506 1975 567 ut
2010 524 2128 587 pro
2154 511 2215 560 17

120 610 227 652 me
288 587 558 652 dixerim
622 585 816 688 (male
872 587 1043 650 enim
1096 609 1348 651 mecum
1402 593 1727 674 ageretur,
1791 591 1848 655 si
1900 613 2131 675 parum

59 700 90 741 5
119 675 306 740 vobis
352 696 559 739 essem
607 696 744 739 sine
789 674 1156 740 defensione
1195 676 1561 761 purgatus),
1605 699 1797 759 quam
1833 684 1907 743 ut
1946 701 2131 762 quos-

61 763 272 826 dam
310 763 503 826 nimis
541 763 754 828 ieiuno
795 763 1009 827 animo
1049 767 1114 827 et
1151 768 1429 848 angusto
1466 786 1810 849 monerem,
1857 767 1921 830 id
1961 768 2131 851 quod

61 896 63 931 i
119 872 375 934 semper
409 851 548 934 ipse
584 850 901 934 fecissem,
935 851 1036 915 uti
1072 852 1524 916 excellentium
1560 852 1797 916 civium
1822 855 2131 919 virtutem

61 984 64 1005 .
117 939 486 1003 imitatione
532 938 844 1026 dignam,
855 961 989 1004 non
1031 939 1274 1004 invidia
1316 944 1637 1023 putarent.
1708 937 1985 1025 Magnus
2032 948 2133 1007 est

117 1028 192 1091 in
227 1049 296 1090 re
330 1049 370 1110 Γ
399 1027 592 1091 1111188
629 1021 909 1111 campus,
943 1031 1021 1092 ut
1057 1028 1382 1113 sapienter
1418 1029 1625 1093 dicere
1664 1026 1935 1093 Crassus
1975 1031 2133 1093 sole-

59 1142 89 1180 o
117 1116 259 1198 bat,
293 1137 358 1178 m
381 1115 518 1204 ¹iltis
554 1119 815 1198 apertus
855 1137 1078 1180 cursus
1117 1117 1196 1180 ad
1231 1116 1503 1181 laudem.
1575 1115 1846 1181 Utinam
1876 1117 2133 1200 quidem
2156 1119 2190 1180 7

61 1250 64 1289 :
117 1204 222 1268 illi
266 1200 590 1286 principes
631 1203 938 1288 viverent,
983 1205 1095 1287 qui
1131 1226 1233 1270 me
1268 1208 1422 1288 post
1455 1226 1670 1268 meum
1708 1205 2135 1288 consulatum,

61 1340 64 1351 .
120 1313 269 1356 cum
317 1291 399 1355 iis
444 1291 584 1373 ipse
631 1292 944 1375 cederem,
989 1293 1347 1393 principem
1390 1315 1522 1356 non
1565 1292 1756 1356 inviti
1800 1256 2135 1356 videbantl

61 1374 269 1443 Ηο8
334 1400 486 1444 1810
551 1383 843 1463 tempore
903 1380 975 1444 in
1036 1383 1223 1444 tanta
1285 1381 1505 1464 inopia
1568 1380 2005 1445 constantium
2068 1384 2135 1444 et

115 1467 394 1531 fortium
467 1468 901 1532 consularium
974 1490 1100 1552 quo
1172 1490 1274 1532 me
1339 1468 1557 1532 dolore
1622 1467 1795 1533 affici
1856 1468 2135 1552 creditiS,

59 1582 85 1621 5
119 1577 272 1620 cum
337 1555 499 1620 alios
564 1557 730 1620 male
795 1555 1060 1640 sentire,
1129 1557 1293 1621 alios
1354 1557 1521 1620 nihil
1586 1557 1846 1622 omnino
1912 1578 2133 1621 curare

61 1644 63 1648 ’
117 1644 402 1726 videam,
476 1642 636 1709 alios
707 1666 935 1728 parum
1009 1648 1381 1709 constanter
1446 1645 1518 1708 in
1578 1649 1879 1728 suscepta
1942 1666 2135 1709 causa

61 1730 64 1737 '
113 1753 498 1817 permanere
553 1733 1067 1816 sententiamque
1123 1754 1309 1796 suam
1360 1753 1493 1796 11011
1547 1753 1799 1816 semper
1846 1733 2134 1797 utilitate

61 1880 63 1891 ,
116 1819 560 1905 reipublicae,
588 1821 699 1885 sed
731 1824 875 1884 tum
902 1843 1033 1905 spe,
1060 1825 1201 1885 tum
1227 1821 1462 1885 timore
1489 1820 1851 1884 moderari?
1927 1819 2133 1896 Quod·
2158 1831 2222 1880 18

61 1910 63 1917 '
119 1909 184 1974 si
232 1907 375 1991 quis
423 1909 498 1973 de
546 1909 956 1975 contentione
1001 1909 1401 1993 principatus
1436 1908 1710 1987 laborat,
1757 1930 1919 1992 quae
1955 1908 2135 1972 nulla

61 2026 86 2078 ‚³
118 2019 266 2061 esse
331 1996 549 2082 debet,
621 1998 1006 2063 stultissime
1067 1996 1252 2081 facit,
1326 1998 1382 2061 si
1443 1997 1620 2062 vitiis
1685 2020 1832 2061 cum
1892 1997 2133 2061 virtute

61 2093 64 2168 g
119 2086 486 2169 contendit3
529 2090 605 2150 ut
650 2086 822 2150 enim
868 2108 1059 2150 cursu
1106 2107 1357 2168 cursus,
1402 2085 1495 2150 sic
1538 2085 1609 2149 in
1651 2086 1809 2150 viris
1852 2084 2135 2149 fortibus

61 2179 64 2186 ’
115 2173 336 2237 virtus
398 2175 640 2239 virtute
705 2178 1058 2257 superatur.
1146 2173 1272 2257 Tu,
1336 2174 1393 2237 si
1447 2194 1568 2257 ego
1622 2174 1699 2237 de
1754 2195 1821 2237 re
1875 2172 2135 2256 publica

121 2261 378 2343 optime
430 2262 730 2346 sentiam,
785 2266 861 2327 ut
915 2285 1017 2327 me
1071 2262 1318 2344 1111888,
1370 2262 1509 2344 ipse
1562 2262 1839 2344 pessime
1896 2262 2133 2325 senties

61 2415 65 2424 ‚
120 2352 270 2430 aut,
326 2347 382 2411 si
437 2349 517 2412 ad
571 2372 672 2413 me
723 2351 1042 2415 bonorum
1097 2312 1478 2415 concursum
1530 2348 1672 2413 fieri
1726 2349 2001 2432 videbis,
2055 2350 2135 2412 ad

59 2435 83 2508 Ι5
119 2443 194 2502 118
240 2398 572 2519 improbos
617 2437 966 2502 invitabis?
1047 2437 1309 2503 Nollem
1356 2438 1638 2520 primum
1691 2438 1786 2501 181
1832 2437 2133 2537 publicae

61 2533 63 2544 '
120 2547 349 2607 causa,
411 2524 635 2589 deinde
699 2526 895 2589 etiam
957 2526 1297 2609 dignitatis
1352 2529 1519 2588 tuae.
1616 2518 1742 2589 sed
1794 2526 1851 2589 si
1903 2524 2135 2607 princi-

113 2616 320 2699 patus
358 2616 675 2697 ageretur,
722 2610 912 2696 q'uem
949 2635 1305 2697 numquam
1342 2612 1640 2696 expetivi,
1685 2612 1839 2695 quid
1875 2612 2135 2676 tandem

115 2700 291 2767 mihi
337 2704 508 2765 esset
553 2700 884 2783 optatius?
952 2700 1098 2785 Ego
1145 2702 1317 2766 enim
1362 2700 1552 2764 188118
1591 2700 1928 2764 sententiis
1964 2700 2134 2763 vinci

112 2811 258 2854 non
302 2811 588 2875 possum,
630 2787 819 2853 bonis
864 2788 1141 2853 forsitan
1183 2790 1431 2873 possim
1478 2792 1545 2852 et
1588 2787 1883 2851 libenter.
1955 2784 2133 2851 Haec
2159 2799 2223 2847 19

59 2909 80 2948 2
112 2873 1099 3029 ἕορ811118111ῖ18ῗ111118ᾑ11ᾶ181ῗ,
1136 2877 1661 3029 antinmadiverteri,
1690 2875 1972 2940 iudicare
1994 2875 2137 3025 quii-

169 2987 278 3027 am
323 2986 594 3029 moese
667 2986 871 3029 erun.
1015 2986 1198 3028 oera
1273 2987 1310 3029 e
1402 2987 1520 3047 811,
1572 2987 1615 3028 u
1691 2985 1825 3028 non
1867 2986 2059 3046 prom
2102 2985 2135 3027 e

110 3051 420 3118 homines
465 3054 538 3116 de
582 3074 853 3136 quoque,
896 3056 973 3116 ut
1011 3052 1281 3137 quisque
1316 3055 1689 3134 mereretur,
1732 3050 2136 3115 iudicarent?

113 3139 222 3205 Ut
277 3141 450 3204 enim
502 3140 579 3204 de
625 3140 924 3205 universo
971 3144 1197 3204 senatu
1240 3141 1519 3224 populus
1566 3140 1897 3205 Romanus
1944 3140 2137 3204 veris-

115 3228 290 3293 sime
370 3229 612 3293 iudicat
690 3228 886 3293 nullis
959 3228 1053 3292 rei
1123 3229 1419 3312 publicae
1492 3228 1893 3311 temporibus
1963 3228 2136 3291 hunc

59 3344 75 3385 5
115 3316 418 3381 ordinem
470 3317 824 3381 firmiorem
879 3320 992 3381 aut
1044 3316 1384 3381 fortiorem
1436 3314 1664 3399 fuisse,
1728 3316 1821 3381 818
1876 3316 1953 3381 (18
2007 3335 2137 3379 uno

113 3425 383 3488 quoque
437 3408 734 3469 nostrum
787 3408 855 3470 et
907 3405 1212 3490 maxime,
1266 3404 1380 3487 qui
1423 3402 1547 3468 hoc
1590 3404 1735 3468 loco
1781 3403 2137 3469 sententias
2174 3401 2178 3405 ’

111 3492 425 3577 dicimus,
470 3493 887 3559 sciscitantur
932 3514 1183 3577 omnes,
1236 3494 1430 3557 avent
1475 3491 1722 3575 audire,
1768 3490 1923 3574 quid
1970 3492 2140 3575 quis-

237 3604 347 3647 818.
375 3606 440 3647 11.
469 3609 507 3649 5.
1753 3600 1821 3656 38
