2550 3875
369 154 457 219 72
623 154 707 209 IN
741 154 802 210 P.
841 151 1207 207 VATINIUM
1243 150 1537 207 TESTEM
1571 148 2137 207 INTERROGATIO.

279 321 350 371 18
367 319 696 383 servatum
753 337 894 381 esse
953 316 1032 381 de
1090 315 1287 380 caelo.
1380 312 1588 379 Simul
1644 313 1843 378 etiam
1885 312 2048 378 illud
2091 312 2244 377 volo
2287 313 2386 377 uti

367 405 777 489 respondeas,
822 426 971 469 cum
1015 407 1080 467 te
1127 402 1396 468 tribuno
1441 402 1529 488 pl.
1577 406 1750 467 esset
1793 401 1991 466 etiam
2033 404 2179 465 tum
2212 400 2283 464 in
2317 422 2384 465 re

365 493 632 578 publica
680 492 786 556 lex
829 491 1020 557 Aelia
1063 495 1131 557 et
1174 490 1389 574 Fufia,
1445 511 1609 574 quae
1654 491 1835 575 leges
1880 510 2072 573 saepe
2116 509 2383 553 numero

367 580 754 645 tribunicios
807 578 1060 645 furores
1115 579 1544 643 debilitarunt
1586 581 1653 643 et
1696 580 2172 661 represserunt,
2227 597 2385 660 quas
2539 640 2540 663 ἶ

369 673 598 735 contra
654 672 912 752 praeter
964 671 1032 733 te
1083 688 1274 732 nemo
1331 687 1641 750 umquam
1696 670 1800 731 est
1850 664 2062 731 facere
2116 669 2387 729 conatus
2440 687 2468 728 ο
2539 682 2540 739 l

370 755 565 842 (quae
620 756 882 840 quidem
933 756 1115 840 leges
1170 777 1337 820 anno
1392 758 1547 839 post
1599 754 1972 819 sedentibus
2024 753 2097 817 in
2141 754 2387 837 templo

369 845 624 911 duobus
675 866 811 909 non
865 844 1267 927 consulibus,
1326 843 1439 908 sed
1491 842 1935 927 proditoribus
1986 841 2183 906 huius
2238 842 2387 905 civi·

369 934 529 999 tatis
565 954 641 999 ac
677 932 973 1016 pestibus
1007 954 1140 996 una
1175 953 1325 996 cum
1362 930 1688 1015 auspiciis,
1734 952 1881 995 cum
1915 930 2389 996 intercessioni-

370 1022 512 1105 bus,
550 1042 699 1086 cum
735 1020 914 1085 omni
950 1020 1091 1084 iure
1117 1018 1382 1104 publico
1413 1015 2021 1105 conflagraverunt),
2058 1017 2389 1101 ecquando
2539 1066 2540 1091 2

370 1108 693 1175 dubitaris
748 1112 976 1174 contra
1028 1128 1138 1173 eas
1193 1108 1375 1193 leges
1430 1129 1579 1172 cum
1632 1108 1823 1191 plebe
1876 1127 2069 1191 agere
2124 1109 2193 1169 et
2247 1127 2392 1171 con·
2422 1130 2477 1167 ιο
2539 1182 2540 1187 ¹

371 1198 598 1263 cilium
643 1218 1026 1280 convocare3
1069 1217 1230 1260 num
1276 1217 1469 1280 quem
1516 1218 1595 1259 ex
1631 1194 1932 1260 omnibus
1968 1193 2253 1259 tribunis
2289 1193 2395 1278 pl.,

371 1286 764 1370 quicumque
829 1284 1123 1349 seditiosi
1183 1283 1474 1367 fuerunt,
1540 1287 1678 1348 tam
1742 1283 2050 1349 audacem
2114 1282 2397 1346 audieris

369 1374 590 1456 fuisse,
643 1377 720 1437 ut
775 1394 1084 1458 umquam
1139 1375 1369 1437 contra
1418 1372 1632 1457 legem
1677 1371 1934 1436 Aeliam
1980 1373 2095 1435 aut
2136 1368 2399 1435 Fufiam

307 1497 352 1564 8
374 1462 724 1528 concilium
769 1462 1128 1526 advocaret.
1247 1474 1250 1476 ’

284 1587 353 1639 19
508 1549 763 1625 Quaero
801 1548 963 1613 illud
1001 1549 1200 1613 etiam
1236 1571 1317 1613 ex
1353 1552 1439 1633 te,
1476 1552 1828 1613 conatusne
1866 1548 1975 1631 sis,
2011 1547 2399 1631 voluerisne,
2432 1568 2483 1610 ιε

372 1637 646 1721 denique
693 1636 1004 1722 cogitaris
1053 1634 1182 1721 (est
1226 1637 1400 1702 enim
1443 1657 1547 1701 res
1594 1637 1732 1701 eius
1778 1636 1983 1719 modi,
2025 1639 2119 1719 ut,
2166 1636 2225 1701 si
2272 1636 2403 1700 tibi

372 1726 442 1789 in
486 1728 771 1788 mentem
815 1725 1009 1789 modo
1050 1725 1246 1808 venit,
1290 1746 1481 1789 nemo
1524 1724 1630 1809 sit,
1676 1725 1789 1808 qui
1826 1728 1891 1789 te
1928 1724 2065 1788 ullo
2103 1724 2405 1789 cruciatu

373 1833 515 1877 esse
569 1812 910 1897 indignum
953 1811 1170 1897 putet)
1219 1813 1611 1897 cogitarisne
1658 1812 1727 1876 in
1771 1812 1888 1877 illo
1933 1815 2049 1877 tuo
2094 1812 2406 1877 intolera-

372 1900 495 1966 bili
547 1922 684 1966 non
736 1921 938 1986 regno
997 1898 1176 1987 (nam
1223 1901 1405 1984 cupis
1450 1900 1519 1966 id
1564 1897 1841 1986 audire),
1894 1901 2009 1966 sed
2051 1900 2405 1966 latrocinio

373 2010 584 2074 augur
645 1989 788 2053 fieri
850 1989 923 2053 in
977 1989 1052 2065 Q.
1107 1988 1361 2054 Metelli
1415 1990 1658 2073 locum,
1720 1993 1824 2073 ut,
1887 1989 2283 2073 quicumque
2341 1993 2406 2054 te
2435 2012 2484 2052 zo

375 2077 763 2161 aspexisset,
818 2077 1144 2160 duplicem
1197 2077 1491 2143 dolorem
1546 2077 1989 2163 gemitumque
2040 2078 2411 2161 susciperet

375 2169 444 2230 et
507 2187 587 2230 ex
650 2163 966 2229 desiderio
1033 2165 1379 2230 clarissimi
1444 2169 1513 2230 et
1574 2166 1919 2230 fortissimi
1984 2165 2144 2230 civis
2209 2169 2281 2230 et
2332 2188 2412 2230 ex

373 2254 622 2318 honore
695 2253 1060 2337 turpissimi
1130 2257 1328 2337 atque
1391 2253 1895 2338 improbissimi3
1962 2253 2207 2318 adeone
2272 2276 2412 2318 non

375 2340 840 2406 labefactatam
884 2363 1023 2405 rem
1067 2342 1399 2426 publicam
1433 2345 1501 2406 te
1537 2342 1804 2407 tribuno
1841 2364 2051 2426 neque
2089 2363 2409 2426 conquas-

379 2431 592 2493 satam
647 2429 1005 2514 civitatem,
1059 2430 1174 2494 sed
1227 2433 1486 2514 captam
1529 2430 1698 2494 hanc
1742 2431 1975 2494 urbem
2020 2433 2218 2514 atque
2263 2451 2413 2515 per·
2439 2451 2492 2493 25

377 2538 634 2582 versam
678 2517 950 2602 putaris,
993 2522 1071 2582 ut
1113 2539 1426 2602 augurem
1466 2517 1804 2582 Vatinium
1839 2516 2009 2582 ferre
2044 2539 2413 2602 possemus.

287 2609 361 2659 20
379 2603 526 2670 Hoc
571 2604 716 2670 Ioco
767 2627 1033 2689 quaem,
1081 2606 1156 2689 si,
1201 2606 1268 2670 id
1316 2607 1489 2691 quod
1536 2607 1971 2691 concupieras,
2018 2627 2230 2691 augur
2274 2605 2413 2672 fac-

375 2697 485 2758 tus
541 2714 716 2794 esses
773 2694 872 2777 (in
928 2715 1057 2777 qua
1100 2697 1216 2758 tua
1263 2695 1661 2779 cogitatione
1705 2715 1853 2778 nos,
1909 2693 2025 2778 qui
2070 2698 2135 2757 te
2186 2695 2415 2759 odera-

373 2803 740 2952 fflffl‘s,
756 2780 1514 2956 ffioffffieffigffiffi
1533 2783 1665 2935 Ἐζᾶ
1680 2785 1953 2954 wa,
1972 2783 2418 2935 ‘ssssffffoeffi
2444 2893 2495 2934 ,ο

374 2957 660 3041 volnera,
700 2957 934 3039 quibus
973 2980 1112 3022 rem
1148 2959 1481 3042 publicam
1516 2958 1767 3042 putasti
1796 2957 2015 3041 deleri,
2051 2957 2222 3022 hanc
2250 2979 2417 3042 quo-

376 3067 503 3128 que
528 3044 938 3110 mortiferam
965 3046 1231 3129 plagam
1259 3046 1607 3111 inflixisses
1640 3049 1997 3130 auguratus
2025 3045 2143 3129 tui,
2180 3049 2419 3110 utrum

376 3133 753 3197 decreturus
808 3132 1042 3218 fueris,
1097 3134 1164 3199 id
1221 3136 1394 3218 quod
1450 3155 1727 3220 augures
1784 3155 2007 3199 omnes
2060 3155 2274 3218 usque
2331 3135 2415 3198 ab

376 3219 660 3284 Romulo
720 3220 1165 3306 decreverunt,
1229 3221 1385 3288 Iove
1438 3222 1731 3308 fulgente
1788 3243 1936 3287 cum
1991 3222 2239 3306 populo
2300 3221 2417 3306 agi

374 3306 560 3371 nefas
615 3329 780 3391 esse,
835 3330 943 3392 an,
1001 3311 1155 3393 quia
1209 3315 1285 3374 tu
1338 3332 1594 3395 semper
1644 3309 1739 3376 sic
1784 3310 2059 3396 egisses,
2114 3309 2419 3394 auspicia
2442 3329 2491 3371 ³5

311 3445 356 3508 9
374 3392 578 3457 fueris
625 3415 834 3479 augur
845 3483 859 3496 ·
877 3397 1330 3496 dissoluturus

285 3535 352 3582 21
509 3480 610 3545 Ac
661 3503 743 3545 ne
799 3483 1042 3548 diutlus
1097 3484 1331 3569 loquar
1384 3487 1462 3550 de
1520 3489 1843 3574 auguratu
1888 3491 2003 3551 tuo
2060 3483 2269 3571 (quod
2320 3485 2417 3550 in-
