2550 3875
327 199 461 263 206
883 195 1024 252 PRO
1063 195 1176 251 CN.
1212 195 1527 251 PLANCIO
1567 195 1856 252 ORATIO.

327 359 400 424 in
445 381 730 444 causam,
775 377 1037 443 sperare
1081 357 1307 423 videor
1352 361 1613 423 tantum
1661 358 1991 423 afuturam
2036 381 2179 424 esse
2222 381 2367 424 ora-

329 448 577 512 tionem
632 469 846 511 meam
902 469 942 510 a
999 446 1272 511 minima
1326 447 1697 530 suspicione
1754 447 2129 513 offensionis
2186 452 2365 532 tuae,

329 540 395 600 te
454 539 531 599 ut
584 536 808 619 potius
866 535 1234 619 obiurgem,
1301 535 1475 618 quod
1528 535 1828 618 iniquum
1880 536 1953 600 in
2006 536 2361 600 discrimen

329 623 609 687 adducas
657 623 1050 708 dignitatem
1094 627 1297 707 tuam,
1345 644 1543 707 quam
1578 627 1655 687 ut
1693 644 1837 688 eam
1874 643 1999 708 ego
2036 623 2175 688 ulla
2212 645 2364 689 con-

264 683 601 814 {tumelia
657 732 852 776 coner
905 711 1249 796 attingere.
1340 711 1439 774 Tu
1496 711 1995 795 continentiam,
2051 715 2125 776 tu
2175 712 2363 777 indu·
2420 730 2449 769 ⁵

329 799 579 883 striam,
628 803 705 864 tu
751 799 1041 864 animum
1087 799 1158 862 in
1203 821 1344 863 rem
1389 798 1737 884 publicam,
1784 803 1859 865 tu
1902 800 2237 885 virtutem,
2280 805 2362 864 tu

323 887 792 970 innocentiam,
849 892 923 951 tu
969 886 1192 970 fidem,
1249 890 1327 950 tu
1371 887 1631 952 labores
1678 892 1857 972 tu08,
1905 889 2082 971 quod
2126 888 2360 952 aedilis

323 997 458 1040 non
502 976 594 1040 sis
638 975 873 1059 factuS,
923 975 1171 1039 fractos
1219 995 1362 1038 esse
1409 979 1476 1038 et
1522 975 1813 1040 abiectos
1862 980 1931 1039 et
1975 976 2359 1060 repudiatos

323 1062 563 1147 putas?
653 1062 821 1127 Vide
867 1064 1160 1146 tandem,
1210 1061 1615 1147 Laterensis,
1663 1067 1984 1147 quantum
2030 1085 2153 1149 ego
2175 1080 2242 1128 *a
2286 1070 2359 1129 te

323 1151 722 1220 dissentiam.
825 1149 896 1216 Si
961 1151 1211 1215 medius
1275 1151 1469 1214 fidius
1536 1151 1757 1216 decem
1824 1152 1951 1217 soli
2010 1156 2231 1216 essent
2285 1153 2360 1216 in
2389 1172 2449 1210 ιο

196 1285 203 1291 -
325 1239 592 1304 civitate
639 1239 764 1304 viri
808 1240 994 1323 boni,
1047 1239 1377 1322 sapientes
1387 1290 1405 1322 ,
1450 1239 1637 1323 iusti,
1685 1260 1944 1325 graves,
1991 1241 2104 1324 qui
2149 1245 2216 1304 te
2262 1241 2360 1304 in-

323 1327 595 1412 dignum
660 1327 995 1392 aedilitate
1060 1327 1553 1412 iudicavissent,
1616 1328 1881 1412 gravius
1936 1328 2015 1392 de
2070 1333 2137 1392 te
2192 1328 2360 1394 iudi-

324 1420 545 1479 catum
589 1419 918 1499 putarem,
966 1436 1162 1499 quam
1209 1419 1314 1480 est
1357 1416 1513 1499 hoc,
1560 1416 1733 1500 quod
1779 1419 1855 1480 tu
1901 1417 2141 1481 metuis
2185 1439 2269 1480 ne
2316 1440 2359 1480 a

321 1504 565 1587 populo
623 1503 986 1567 iudicatum
1041 1524 1184 1567 esse
1233 1503 1549 1568 videatur.
1641 1503 1794 1569 Non
1840 1505 2016 1568 enim
2064 1505 2353 1570 comitiis

320 1591 569 1655 iudicat
607 1613 864 1674 semper
898 1591 1197 1675 populus,
1235 1591 1351 1656 sed
1378 1595 1678 1657 movetur
1703 1591 2090 1676 plerumque
2118 1594 2354 1678 gratia,
2386 1610 2441 1650 15

322 1678 494 1744 cedit
530 1679 851 1762 precibus,
888 1679 1050 1743 facit
1089 1700 1218 1763 eos,
1257 1702 1298 1744 a
1336 1680 1573 1763 quibus
1604 1683 1705 1744 est
1733 1681 2014 1744 maxime
2044 1681 2356 1766 ambituS,

323 1767 616 1850 denique,
645 1767 906 1831 etiamsi
934 1766 1199 1851 iudicat,
1224 1789 1360 1832 non
1386 1768 1629 1832 dilectu
1650 1769 1869 1852 aliquo
1892 1773 2007 1832 aut
2028 1769 2356 1854 sapientia

321 1854 581 1918 ducitur
626 1855 706 1918 ad
751 1855 1195 1939 iudicandum,
1243 1856 1358 1920 sed
1403 1856 1657 1940 impetu
1700 1879 1834 1921 non
1876 1879 2239 1942 numquam
2284 1863 2355 1922 et

323 1944 604 2026 quadam
649 1944 850 2007 etiam
891 1944 1281 2008 temeritate.
1354 1944 1508 2009 Non
1545 1949 1647 2009 est
1684 1946 1860 2009 enim
1897 1946 2244 2011 consilium
2280 1946 2354 2011 in

319 2031 537 2117 vulgo,
571 2052 708 2096 non
733 2032 924 2115 rati0,
960 2053 1095 2096 non
1123 2032 1490 2116 discrimen,
1516 2054 1651 2097 non
1678 2034 2041 2119 diligentia,
2069 2056 2352 2119 semper·
2382 2052 2438 2092 20

322 2140 445 2203 que
492 2120 824 2203 sapientes
872 2142 975 2205 ea,
1022 2142 1186 2203 quae
1232 2121 1514 2205 populus
1561 2119 1845 2205 fecisset,
1890 2122 2173 2206 ferenda,
2217 2145 2355 2188 non

321 2228 579 2291 semper
632 2207 956 2271 laudanda
1010 2208 1350 2272 duxerunt.
1446 2208 1687 2293 Quare,
1743 2232 1892 2275 cum
1947 2215 2014 2275 te
2073 2211 2353 2275 aedilem

319 2295 464 2358 fieri
513 2296 881 2379 oportuisse
930 2296 1108 2381 dicis,
1152 2296 1383 2381 populi
1422 2297 1699 2381 culpam,
1741 2319 1880 2362 non
1915 2300 2350 2383 conpetitoris

239 2400 299 2449 ιο
321 2404 605 2447 accusas
707 2382 803 2449 Ut
865 2383 1066 2449 fueris
1123 2384 1385 2469 dignior
1440 2406 1637 2467 quam
1690 2384 1997 2451 Plancius
2055 2387 2161 2469 (de
2220 2408 2350 2471 quo

319 2472 1799 2646 31³}{⁶131Jssffeffidssssa>⁰ffi²tseeff1dffiussss1³ss¹31{32¹}ss
1815 2478 2351 2647 122200333331233
2381 2492 2435 2531 ²⁵

318 2668 359 2710 a
403 2669 532 2731 quo
581 2668 650 2713 es
687 2648 918 2731 victUS,
967 2648 1079 2713 sed
1115 2648 1417 2732 popuIUS,
1464 2670 1504 2712 a
1541 2670 1669 2732 quo
1709 2671 1777 2714 es
1815 2651 2232 2735 praeteritus,
2279 2652 2352 2715 in

318 2734 510 2819 culpa
547 2739 664 2800 est.
728 2734 809 2800 In
847 2758 975 2819 quo
1010 2736 1175 2800 illud
1211 2737 1499 2820 primum
1526 2737 1723 2802 debes
1748 2742 2004 2823 putare,
2042 2739 2351 2823 comitiis,

313 2824 704 2907 praesertim
733 2824 1064 2908 aediliciis,
1095 2825 1387 2889 studium
1414 2846 1555 2889 esse
1581 2825 1827 2910 populi,
1852 2848 1987 2891 non
2004 2826 2350 2910 iudicium3

317 2912 649 2976 eblandita
693 2911 836 2995 illa,
889 2934 1025 2977 non
1070 2915 1411 2978 enucleata
1456 2934 1597 2978 esse
1644 2914 1984 2999 suffragia3
2037 2935 2178 2998 eos,
2232 2917 2347 2999 qui
2376 2933 2433 2973 30

315 3000 700 3085 suffragium
727 2999 960 3084 ferant,
1000 3001 1155 3085 quid
1185 3002 1417 3085 cuique
1444 3001 1574 3085 ipsi
1602 3001 1897 3086 debeant,
1936 3002 2350 3069 considerare

313 3087 591 3171 saepius,
633 3108 830 3170 quam
869 3087 1027 3171 quid
1067 3090 1300 3172 cuique
1338 3110 1378 3153 a
1415 3110 1485 3153 re
1521 3088 1786 3173 publica
1821 3090 2152 3153 debeatur.
2230 3089 2350 3155 Sin

313 3180 534 3238 autem
580 3176 790 3239 mavis
839 3197 980 3240 esse
1027 3176 1355 3259 iudicium,
1399 3198 1533 3241 non
1578 3175 1704 3241 tibi
1744 3177 1815 3240 id
1849 3177 2348 3242 rescindendum

227 3281 290 3328 11
315 3267 434 3345 est,
483 3262 596 3327 sed
640 3262 996 3328 ferendum.
1073 3262 1268 3328 ‘Male
1308 3264 1622 3329 iudicavit
1656 3265 1979 3347 populus?
2053 3266 2147 3331 At
2183 3267 2348 3330 iudi-

314 3350 505 3413 cavit.
579 3348 756 3414 ‘Non
791 3350 1058 3415 debuit?
1122 3350 1216 3415 At
1251 3352 1490 3434 potuit.
1552 3349 1735 3416 ‘Non
1771 3353 1952 3418 fero?
2018 3352 2111 3417 At
2148 3354 2345 3419 multi
2374 3370 2426 3411 3⁵

315 3435 662 3499 clarissimi
721 3442 791 3501 et
846 3438 1315 3522 sapientissimi
1372 3439 1542 3503 cives
1597 3440 1909 3504 tulerunt.
1990 3441 2115 3505 Est
2168 3443 2346 3506 enim

311 3521 474 3585 haec
512 3523 804 3589 condicio
833 3525 1192 3589 liberorum
1219 3526 1615 3610 populorum
1641 3529 2115 3613 praecipueque
2142 3528 2343 3594 huius
