2550 3875
406 146 492 210 86
959 142 1101 197 pao
1139 142 1213 199 M.
1252 142 1514 199 CAELIO
1552 142 1842 199 omno,

405 306 811 372 adulescente
851 304 1034 371 scitis
1063 304 1475 371 consulatum
1500 326 1755 371 mecum
1780 305 2021 389 petisse
2050 304 2407 371 Catilinam.

402 395 510 461 Ad
561 415 753 479 quem
807 394 866 459 si
919 393 1193 458 accessit
1246 396 1363 458 aut
1416 394 1476 457 si
1529 414 1569 456 a
1621 415 1723 458 me
1768 394 2067 459 discessit
2110 417 2407 480 umquam

405 481 826 569 (quamquam
861 481 1054 546 multi
1081 481 1238 546 boni
1267 481 1711 547 adulescentes
1735 481 1836 545 illi
1862 481 2114 547 homini
2138 503 2407 567 nequam

403 575 598 654 atque
654 570 954 654 improbo
1009 566 1450 653 studuerunt),
1503 573 1646 633 tum
1700 568 2106 635 existimetur
2160 569 2407 636 Caelius

403 656 725 723 Catilinae
776 657 1052 722 nimium
1107 656 1446 721 familiaris
1498 656 1718 723 fuisse.
1815 657 1910 723 At
1965 658 2137 723 enim
2189 662 2410 742 postea
2459 676 2486 717 ⁵

403 746 644 811 scimus
699 748 768 809 et
819 745 1099 810 vidimus
1153 765 1293 809 esse
1345 744 1518 809 hune
1574 745 1645 809 in
1686 744 1865 809 illius
1910 746 2152 811 amieis.
2256 746 2409 823 Quis

401 834 643 920 negat?
736 830 861 897 Sed
926 854 1048 917 ego
1111 833 1274 897 illud
1336 836 1595 916 tempus
1650 832 1911 916 aetatis,
1976 834 2146 919 quod
2200 834 2409 918 ipsum

403 943 522 986 sua
575 924 806 1005 sponte
859 921 1192 986 infirmum
1253 920 1533 985 aliorum
1595 920 1883 985 lubidine
1934 920 2246 987 infestum
2297 926 2411 1004 est,

403 1009 470 1073 id
522 1009 648 1074 hoc
701 1009 846 1075 loco
893 1008 1183 1074 defendo.
1271 1007 1431 1073 Fuit
1474 1007 1777 1073 adsiduus
1821 1030 2076 1074 mecum
2118 1014 2411 1093 praetore

402 1118 535 1181 me3
576 1118 710 1162 non
752 1100 1024 1162 noverat
1060 1095 1440 1180 Catilinam3
1484 1095 1778 1161 Africam
1820 1100 1962 1161 tum
2006 1101 2268 1180 praetor
2302 1097 2412 1161 ille
2440 1121 2495 1159 ιο

404 1185 757 1269 optinebat.
851 1182 1124 1249 Secutus
1161 1187 1263 1249 est
1298 1204 1523 1267 annus,
1566 1205 1682 1265 quo
1718 1205 1979 1249 causam
2014 1185 2092 1249 de
2126 1185 2413 1269 pecuniis

401 1272 776 1357 repetundis
831 1271 1115 1339 Catilina
1177 1271 1359 1335 dixit.
1456 1271 1713 1337 Mecum
1774 1275 1917 1336 erat
1976 1272 2113 1357 hic;
2176 1274 2273 1337 illi
2333 1296 2414 1339 ne

404 1361 756 1425 advocatus
794 1359 1054 1444 quidem
1091 1360 1270 1424 venit
1304 1381 1629 1445 umquam
1691 1358 2013 1444 Deinceps
2039 1360 2168 1425 fuit
2195 1382 2417 1442 annus,

404 1470 531 1533 quo
587 1468 710 1535 ego
768 1447 1177 1513 consulatum
1223 1448 1455 1531 petivi3
1508 1447 1774 1531 petebat
1819 1447 2105 1515 Catilina.
2146 1470 2414 1515 mecum.

341 1576 384 1642 5
403 1535 780 1622 Numquam
824 1536 906 1599 ad
950 1535 1138 1600 illum
1184 1536 1474 1619 accessit,
1521 1557 1561 1599 a
1603 1558 1706 1601 me
1740 1557 2097 1621 numquam
2132 1538 2415 1602 recessit.
2444 1558 2496 1601 15

316 1666 382 1715 11
402 1624 532 1688 Tot
576 1624 783 1709 igitur
819 1644 1022 1689 annos
1058 1627 1353 1688 versatus
1388 1624 1460 1688 in
1492 1623 1636 1688 foro
1674 1624 1813 1691 sine
1850 1624 2234 1708 suspicione,
2278 1626 2416 1689 sine

403 1710 674 1776 infamia
717 1710 970 1776 studuit
1014 1710 1332 1777 Catilinae
1377 1712 1617 1776 iterum
1658 1712 1925 1796 petenti.
2018 1712 2224 1789 Quem
2260 1733 2417 1797 ergo

406 1799 487 1863 ad
549 1799 748 1863 finem
809 1803 1002 1882 putas
1066 1800 1550 1865 custodiendam
1603 1799 1787 1864 illam
1840 1803 2121 1865 aetatem
2171 1800 2418 1865 fuisse?

405 1885 618 1952 Nobis
676 1886 934 1972 quidem
991 1887 1150 1954 olim
1204 1909 1411 1953 annus
1464 1891 1607 1953 erat
1649 1909 1817 1953 unus
1862 1888 1943 1953 ad
1988 1888 2420 1954 cohibendum

404 1975 744 2040 brachium
779 1979 939 2062 toga
975 1976 1388 2060 constituta-2³,
1432 1979 1499 2041 et
1533 1979 1609 2040 ut
1643 1977 2103 2042 exercitatione
2137 1977 2419 2062 ludoque
2446 2003 2499 2044 πο

406 2063 753 2147 campestri
796 2063 1075 2129 tunicati
1117 2068 1467 2148 uteremur,
1513 2065 1858 2150 eademque
1895 2068 2053 2148 erat,
2096 2064 2157 2129 si
2190 2066 2421 2130 statim

405 2151 640 2216 mereri
684 2151 1008 2236 stipendia
1053 2173 1487 2236 coeperamus,
1534 2153 1881 2218 castrensis
1925 2152 2093 2217 ratio
2140 2175 2216 2217 ac
2253 2153 2423 2220 mili-

403 2239 585 2304 taris.
678 2239 823 2316 Qua
874 2239 947 2304 in
1000 2243 1211 2304 aetate
1263 2240 1395 2304 nisi
1450 2240 1561 2325 qui
1617 2261 1686 2307 se
1740 2240 1879 2324 ipse
1935 2262 2053 2305 sua
2096 2241 2421 2326 gravitate

405 2332 473 2393 et
517 2326 902 2392 castimonia
945 2331 1014 2392 et
1057 2350 1205 2393 cum
1250 2328 1596 2412 disciplina
1630 2329 1997 2411 domestica,
2041 2332 2183 2394 tum
2221 2330 2425 2393 etiam

405 2415 690 2480 naturali
727 2415 1007 2500 quodam
1043 2416 1216 2480 bono
1255 2416 1641 2498 defenderet,
1679 2437 1937 2501 quoquo
1973 2416 2167 2482 modo
2206 2438 2248 2481 a
2282 2418 2423 2481 suis
2452 2441 2502 2481 25
2539 2453 2540 2468 2

406 2503 769 2568 custoditus
814 2506 1003 2587 esset,
1048 2508 1269 2568 tamen
1314 2502 1650 2568 infamiam
1694 2525 1917 2568 veram
1961 2504 2243 2591 effugere
2287 2527 2427 2570 non
2538 2503 2540 2584 ξ

404 2595 681 2675 poterat.
748 2589 873 2656 Sed
912 2591 1025 2675 qui
1059 2592 1272 2674 prima
1306 2592 1424 2655 illa
1457 2591 1649 2656 initia
1684 2592 1917 2656 aetatis
1944 2592 2200 2676 integra
2226 2596 2427 2677 atque

317 2733 324 2742 .
404 2679 718 2744 inviolata
760 2679 1214 2763 praestitisset,
1259 2679 1338 2743 de
1384 2678 1523 2743 eius
1568 2679 1743 2743 fama
1787 2701 1861 2744 ae
1896 2679 2229 2764 pudicitia,
2276 2703 2429 2746 cum

405 2768 463 2832 is
499 2767 631 2831 iam
668 2789 737 2832 se
777 2767 1329 2832 corroboravisset
1365 2789 1440 2832 ac
1476 2767 1577 2831 vir
1603 2767 1774 2831 inter
1800 2767 1975 2832 viros
2005 2771 2193 2851 esset,
2228 2790 2428 2834 nemo

319 2862 384 2910 12
404 2855 809 2940 loquebatur.
893 2852 1158 2920 Studuit
1193 2853 1531 2937 Catilinae,
1578 2875 1726 2919 cum
1760 2854 1893 2919 iam
1928 2855 2180 2940 aliquot
2218 2877 2429 2921 annos
2457 2880 2509 2920 ω

405 2946 577 3008 esset
603 2943 675 3007 in
699 2942 863 3027 for0,
900 2941 1187 3027 Caelius3
1224 2947 1292 3008 et
1316 2942 1509 3007 multi
1535 2941 1661 3006 hoc
1687 2942 1859 3006 idem
1886 2964 1965 3006 ex
1992 2944 2169 3007 omni
2199 2944 2431 3008 ordine

406 3035 598 3116 atque
637 3053 716 3095 ex
753 3030 931 3096 omni
963 3034 1174 3095 aetate
1201 3031 1510 3097 fecerunt.
1584 3029 1834 3095 Habuit
1860 3030 2033 3095 enim
2059 3030 2189 3114 ille,
2229 3031 2432 3096 sicuti

404 3118 776 3184 meminisse
837 3139 956 3183 vos
1019 3118 1329 3201 arbitror,
1390 3118 1716 3202 permulta
1780 3140 2231 3184 maxumarum
2290 3141 2433 3184 non

405 3227 710 3289 expressa
774 3205 991 3292 signa,
1053 3206 1166 3270 sed
1221 3206 1606 3271 adumbrata
1660 3207 2032 3272 lineamenta
2083 3206 2432 3270 virtutum

405 3291 731 3358 Utebatur
773 3293 1150 3358 hominibus
1185 3294 1502 3377 improbis
1539 3294 1791 3380 multis3
1836 3297 1905 3358 et
1940 3294 2199 3380 quidem
2239 3299 2433 3380 optu·
2458 3316 2511 3358 35

403 3381 530 3444 mis
567 3403 636 3446 se
671 3381 829 3446 viris
867 3381 1156 3446 deditum
1193 3403 1333 3446 esse
1371 3381 1737 3447 simulabat.
1801 3382 2010 3447 Erant
2036 3382 2209 3466 apud
2236 3383 2437 3447 illum

400 3466 765 3534 inlecebrae
821 3469 1186 3533 lubidinum
1238 3469 1508 3555 multae3
1572 3474 1758 3537 erant
1812 3471 2009 3537 etiam
2061 3471 2433 3536 industriae
2536 3413 2539 3522 r
