2550 3875
328 132 460 197 516
598 132 678 186 IN
714 130 790 186 M.
830 130 933 185 AN
936 130 1228 186 TON'IUM
1263 129 1535 185 ORATIO
1574 129 1987 185 PHILIPPICA
2021 129 2119 185 XI.

326 299 397 360 et
441 298 702 379 parato,
747 297 970 378 patres
1017 293 1402 378 conscripti,
1460 314 1625 377 opus
1672 296 1774 356 est
1820 296 1889 357 et
1933 314 2010 357 eo
2019 344 2038 376 ,
2094 293 2215 376 qui
2256 294 2373 357 im-

327 384 600 468 perium·
629 382 1001 468 legitimum
1045 381 1305 464 habeat,
1353 381 1465 465 9111
1509 386 1851 465 praeterea
1887 381 2375 464 auctoritatem,

325 492 593 554 nomen,
645 470 1028 554 exercitum,
1072 473 1491 554 perspectum
1537 469 1829 534 animum
1872 469 1944 533 in
1987 490 2058 533 re
2103 470 2376 552 publica

326 558 682 623 liberanda.

226 647 304 711 11
466 646 626 722 Quis
672 646 880 732 igitur
913 646 973 710 is
1012 646 1159 710 est‘?
1242 646 1382 710 Aut
1417 644 1506 709 M.
1543 644 1791 709 Brutus
1840 649 1954 709 aut
1992 644 2063 712 C.
2100 643 2375 711 Cassius
2424 669 2453 711 s

328 738 442 799 aut
508 739 799 818 uterque.
907 733 1341 799 Decernerem
1403 734 1596 817 plane
1680 734 1851 798 sicut
1915 734 2125 799 multa
2201 733 2377 799 ‘con-

329 824 531 907 sules,
606 822 775 887 alter
845 821 1180 906 ambove',
1242 822 1314 887 ni
1378 821 1661 886 Brutum
1734 822 2233 907 colligassemus
2305 823 2377 887 in

329 909 607 976 Graecia
650 916 719 976 et
765 912 904 975 eius
953 910 1269 974 auxilium
1317 910 1398 974 ad
1434 909 1699 974 Italiam
1745 930 2012 995 vergere
2051 932 2255 994 quam
2294 911 2377 975 ad

326 998 557 1063 Asiam
595 999 1072 1082 maluissemus,
1106 1020 1239 1063 non
1275 1002 1352 1062 ut
1379 998 1428 1083 †
1454 1020 1534 1062 ex
1570 1019 1648 1063 ea
1684 997 1821 1062 acie
1857 1002 2235 1081 respectum
2264 998 2379 1063 ha-

325 1087 656 1171 beremus,
712 1088 827 1153 sed
881 1090 958 1152 ut
1011 1087 1157 1171 ipsa
1212 1086 1385 1151 acies
1433 1086 1798 1150 subsidium
1841 1085 2120 1150 haberet
2167 1087 2379 1151 etiam
2406 1112 2458 1152 ιο

327 1176 858 1241 transmarinum.
950 1174 1326 1258 Praeterea,
1370 1178 1593 1259 patres
1642 1174 2027 1258 conscripti,
2072 1174 2161 1239 M.
2211 1175 2378 1239 Bru-

327 1268 473 1328 tum
519 1264 764 1329 retinet
807 1263 1010 1328 etiam
1053 1284 1228 1327 1111110
1275 1260 1347 1328 C.
1392 1261 1743 1345 Antonius,
1790 1262 1904 1345 9111
1950 1266 2132 1327 tenet
2171 1262 2379 1346 Apol-

326 1352 602 1435 loniam,
675 1372 986 1437 magnam
1043 1351 1275 1416 urbem
1343 1355 1411 1415 et
1474 1371 1768 1435 gravem,
1836 1354 2045 1433 tenet,
2117 1352 2379 1435 opinor,

327 1440 675 1525 Byllidem,
713 1444 897 1505 tenet
924 1439 1327 1522 Amantiam,
1363 1439 1571 1504 instat
1597 1438 1824 1522 Epiro,
1858 1442 2052 1525 urget
2082 1438 2378 1524 Oricum,

326 1528 532 1592 habet
596 1528 850 1612 aliquot
914 1527 1248 1610 cohortes,
1312 1527 1517 1591 habet
1581 1527 1965 1611 equitatum.
2068 1526 2249 1593 Hinc
2318 1529 2379 1593 si
2408 1552 2459 1593 15

327 1615 577 1680 Brutus
616 1615 743 1680 erit
780 1616 1120 1681 traductus
1159 1616 1240 1680 ad
1281 1615 1459 1680 aliud
1494 1616 1762 1699 bellum,
1808 1613 2154 1680 Graeciam
2195 1620 2377 1680 certe

326 1704 758 1769 amiserimus.
869 1704 998 1769 Est
1062 1707 1282 1768 autem
1347 1703 1548 1768 etiam
1611 1703 1689 1767 de
1744 1666 2104 1768 Brundisio
2172 1708 2376 1788 atque

327 1792 447 1856 illa
492 1814 610 1857 ora
653 1792 887 1857 Italiae
933 1791 1423 1877 providendum.
1510 1791 1930 1893 Quamquam
1976 1792 2186 1856 miror
2232 1796 2376 1857 tam

328 1880 441 1947 diu
486 1881 732 1947 morari
767 1880 1161 1966 Antonium3
1207 1880 1379 1946 solet
1424 1880 1598 1945 enim
1642 1879 1783 1965 ipse
1830 1880 2122 1964 accipere
2167 1882 2379 1946 1113111-

329 1992 439 2035 cas
483 1992 605 2035 nec
651 1970 898 2036 diutius
947 1969 1309 2035 obsidionis
1356 1972 1604 2034 metum
1650 1968 1991 2033 sustinere.
2078 1968 2273 2045 Quod
2318 1971 2375 2033 si
2406 1994 2460 2034 ιο

331 2057 687 2124 confecerit
731 2057 980 2123 Brutus
1036 2062 1104 2123 et
1155 2057 1557 2121 intellexerit
1611 2056 1761 2140 plus
1808 2078 1877 2121 se
1924 2079 2020 2122 rei
2064 2057 2376 2140 publicae

326 2146 774 2230 profuturum,
837 2147 896 2210 si
950 2145 1367 2210 Dolabellam
1420 2148 1876 2229 persequatur,
1938 2166 2136 2229 quam
2191 2146 2250 2210 si
2308 2147 2377 2211 in

330 2231 606 2299 Graecia
651 2238 932 2317 maneat,
979 2237 1134 2318 aget
1177 2233 1319 2317 ipse
1364 2255 1484 2316 per
1528 2255 1689 2317 sese,
1732 2236 1810 2297 ut
1858 2233 2069 2297 adhuc
2108 2255 2375 2318 quoque

328 2320 506 2405 fecit,
550 2343 761 2405 neque
807 2322 878 2386 in
923 2325 1029 2386 tot
1065 2320 1400 2405 incendiis,
1448 2321 1684 2404 quibus
1723 2320 2073 2386 confestim
2113 2343 2376 2387 succur-

240 2428 309 2477 27
331 2410 604 2473 rendum
659 2413 787 2493 est,
842 2410 1217 2493 expectabit
1262 2413 1581 2474 senatum.
1671 2407 1846 2473 Nam
1892 2413 1962 2474 et
2004 2409 2255 2475 Brutus
2307 2415 2375 2475 et
2402 2436 2453 2476 25

331 2496 598 2562 Cassius
663 2497 892 2562 multis
955 2498 1090 2561 iam
1144 2497 1215 2562 in
1268 2497 1464 2563 rebus
1518 2497 1659 2581 ipse
1714 2497 1843 2562 sibi
1900 2501 2169 2563 senatus
2225 2497 2376 2563 fuit.

330 2585 615 2651 Necesse
654 2590 757 2658 est
793 2586 965 2651 enim
1003 2586 1074 2651 in
1109 2589 1299 2651 tanta
1334 2586 1754 2651 conversione
1789 2590 1849 2650 et
1870 2587 2374 2670 perturbatione

331 2675 624 2739 omnium
669 2695 887 2738 rerum
934 2674 1341 2758 temporibus
1387 2673 1609 2758 potius
1655 2695 1882 2758 parere
1929 2695 2129 2758 quam
2178 2676 2376 2740 mori-

328 2761 471 2827 buS.
554 2761 694 2828 Nec
740 2763 914 2827 enim
958 2784 1132 2827 nunc
1177 2762 1464 2846 primum
1506 2767 1621 2826 aut
1655 2761 1904 2827 Brutus
1942 2766 2059 2827 aut
2096 2761 2371 2829 Cassius

329 2850 612 2915 salutem
656 2851 1161 2934 libertatemque
1207 2850 1462 2934 patriae
1508 2851 1723 2936 legem
1770 2850 2260 2916 sanctissimam
2302 2857 2371 2917 et
2398 2879 2447 2918 ω
2512 2881 2514 2919 ι

330 2960 581 3003 morem
643 2938 967 3022 optimum
1029 2938 1361 3003 iudicavit.
1453 2938 1712 3022 Itaque,
1777 2939 1835 3003 si
1885 2939 1967 3004 ad
2018 2961 2143 3005 nos
2198 2940 2372 3004 nihil
2510 2963 2512 3021 1

331 3025 685 3091 referretur
742 3027 820 3091 de
866 3026 1214 3092 Dolabella
1265 3026 1739 3111 persequendO,
1794 3030 2018 3091 tamen
2072 3048 2201 3129 ego
2244 3051 2371 3112 pro

332 3114 592 3178 decreto
639 3118 958 3199 putarem,
1005 3137 1154 3180 cum
1192 3118 1413 3179 essent
1447 3115 1615 3179 tales
1652 3114 1914 3197 virtute,
1950 3116 2369 3200 auctoritate,

329 3202 681 3267 nobilitate
735 3203 784 3288 †
839 3203 1079 3267 summi
1133 3202 1285 3286 viri,
1341 3225 1621 3286 quorum
1674 3203 1947 3268 alterius
1990 3202 2128 3267 iam
2171 3205 2367 3269 nobis

230 3287 313 3350 12
330 3294 528 3354 notus
584 3294 757 3354 esset
811 3291 1162 3374 exercitus,
1217 3290 1489 3355 alterius
1545 3291 1823 3356 auditus.
1922 3289 2104 3355 Num
2155 3291 2372 3377 igitur
2394 3321 2451 3361 as

332 3374 580 3440 Brutus
626 3379 1030 3460 exspectavit
1065 3380 1326 3443 decreta
1360 3382 1605 3462 nostra,
1651 3400 1801 3444 cum
1838 3379 2057 3444 studia
2091 3382 2369 3446 nosset?

334 3457 564 3539 Neque
603 3464 777 3527 enim
815 3466 970 3529 est
951 3489 1023 3530 111
1056 3465 1461 3549 provinciam
1498 3489 1684 3532 suam
1711 3465 1979 3534 Cretam
2012 3467 2371 3553 profectus,

2478 1150 2519 1187 Ο
