2550 3875
751 216 906 269 CAP.
944 220 1156 269 33—35
1196 219 1226 280 ς
1265 220 1493 270 81—86.
2089 215 2219 278 195

177 374 392 450 Quem
454 396 538 440 ne
604 374 928 440 maiorum
985 376 1247 460 quidem
1304 399 1484 440 more
1540 375 1864 460 supplicio
1921 375 2216 459 affecisti,

177 484 330 526 cum
381 462 582 528 miser
617 463 730 528 ille
768 463 1104 528 securibus
1139 463 1423 548 hospitis
1464 465 1566 528 sui
1604 464 1886 529 cervices
1922 464 2215 528 subicere

176 550 486 634 gestiret,
540 551 654 616 sed
710 551 771 616 ei
823 552 1104 636 medic0,
1160 573 1355 636 quem
1408 556 1627 616 tecum
1672 553 1720 637 †
1764 556 1841 616 tu
1886 553 2215 635 eduxeraS,

175 639 553 723 imperasti,
615 642 693 703 ut
745 661 942 704 venas
996 639 1285 705 hominis
1339 639 1682 724 incideret3
1747 662 1896 705 cum
1952 639 2214 724 quidem
2233 653 2303 702 84

123 745 150 786 5
177 727 305 790 tibi
361 726 566 790 etiam
613 727 896 792 accessio
940 727 1072 793 fuit
1117 728 1199 792 ad
1241 748 1469 792 necem
1514 727 1803 792 Platoris
1847 728 2215 812 Pleuratus,

178 815 320 880 eius
359 836 598 900 comes,
650 837 844 900 quem
879 816 1130 881 necasti
1165 816 1547 880 verberibus
1584 837 1841 881 summa
1878 820 2213 881 senectute

178 901 569 968 confectum.
659 903 970 988 Idemque
1017 908 1093 968 tu
1129 903 1601 989 Rabocentum,
1636 903 1937 968 Bessicae
1980 905 2315 991 gentis<843

173 991 562 1077 principem,
609 1013 758 1057 cum
806 993 927 1073 [te]
977 992 1291 1056 trecentis
1337 992 1607 1057 talentis
1655 993 1797 1078 regi
1835 991 2031 1076 Cotyi
2065 1014 2214 1056 ven-

175 1079 486 1164 didisses,
536 1079 748 1144 securi
791 1081 1200 1165 percussisti,
1246 1101 1397 1145 cum
1440 1080 1552 1144 ille
1600 1080 1682 1144 ad
1726 1085 1793 1145 te
1839 1081 2099 1165 legatus
2144 1080 2215 1143 in

96 1193 147 1232 ιο
177 1170 400 1232 castra
453 1168 742 1233 venisset
796 1171 865 1233 et
919 1168 1046 1232 tibi
1099 1189 1341 1254 magna
1393 1168 1718 1252 praesidia
1773 1173 1839 1232 et
1887 1168 2130 1232 auxilia
2175 1189 2215 1230 a

172 1254 405 1320 Bessis
460 1256 756 1340 peditum
811 1257 1235 1340 equitumque
1290 1256 1737 1340 polliceretur,
1799 1277 2010 1340 neque
2065 1276 2214 1320 eum

175 1343 415 1429 solum,
460 1344 574 1409 sed
620 1343 822 1409 etiam
867 1348 1120 1410 ceteros
1163 1345 1442 1430 legatos,
1490 1343 1601 1429 qui
1640 1343 1835 1408 simul
1872 1347 2213 1427 venerant3

175 1453 462 1516 quorum
517 1433 810 1497 omnium
865 1432 1084 1517 capita
1137 1432 1282 1518 regi
1336 1431 1533 1518 Cotyi
1586 1431 1953 1497 vendidisti.
2044 1430 2213 1496 Den-

173 1520 434 1605 seletis,
509 1542 674 1605 quae
736 1521 921 1586 natio
984 1541 1242 1605 semper
1307 1520 1655 1585 oboediens
1717 1519 1873 1585 huic
1935 1519 2212 1604 imperio

91 1632 144 1674 15
175 1607 384 1672 etiam
448 1608 518 1673 in
579 1609 696 1673 illa
755 1609 1046 1674 omnium
1099 1609 1532 1673 barbarorum
1587 1607 1947 1673 defectione
2002 1607 2213 1673 Mace-

175 1697 445 1761 doniam
481 1695 552 1762 O.
592 1695 819 1762 Sentio
856 1701 1158 1781 praetore
1195 1700 1416 1761 tutata
1452 1700 1571 1780 est,
1606 1696 1929 1761 nefarium
1965 1696 2215 1761 bellum

174 1788 247 1849 et
295 1785 552 1851 crudele
598 1785 912 1869 intulisti,
963 1786 1184 1868 eisque
1231 1807 1381 1850 cum
1424 1784 1823 1849 fidelissimis
1871 1783 2067 1850 sociis
2113 1785 2214 1849 uti

174 1893 428 1959 posses,
470 1873 776 1939 hostibus
817 1873 918 1939 uti
954 1873 1289 1940 acerrimis
1327 1872 1639 1938 maluisti.
1720 1871 1829 1936 Ita
1863 1875 2213 1957 perpetuos

177 1961 553 2028 defensores
598 1961 1016 2028 Macedoniae
1070 1966 1413 2028 vexatores
1468 1983 1544 2027 ac
1593 1962 2013 2046 praedatores
2070 1961 2215 2025 effe-

91 2077 148 2116 20
178 2050 360 2135 cisti3
414 2050 766 2138 vectigalia
816 2052 1052 2116 nostra'
1098 2050 1596 2135 perturbarunt,
1646 2050 1843 2114 urbes
1886 2054 2215 2133 ceperunt,

175 2142 526 2204 vastarunt
572 2160 786 2224 agros,
831 2139 1045 2204 socios
1089 2142 1355 2204 nostros
1398 2138 1470 2202 in
1516 2138 1901 2203 servitutem
1938 2138 2215 2202 abduxe-

175 2231 362 2310 runt,
415 2226 698 2291 familias
747 2226 1199 2311 abripuerunt,
1252 2247 1452 2311 pecus
1499 2228 1887 2313 abegerunt,
1940 2224 2215 2291 Thessa-

173 2316 572 2400 lonicenseS,
636 2338 786 2381 cum
850 2315 1090 2399 oppido
1146 2316 1633 2399 desperassent,
1686 2314 1941 2379 munire
1998 2335 2213 2379 arcem

177 2407 555 2489 coegerunt.
663 2402 726 2468 A
796 2407 864 2468 te
927 2401 1104 2468 Iovis
1168 2402 1319 2468 Urii
1384 2402 1611 2467 fanum
1683 2402 2214 2486 antiquissimum
2234 2376 2321 2442 35

89 2522 143 2563 25
175 2492 614 2556 barbarorum
634 2490 1249 2575 sanctissimumque
1270 2491 1597 2575 direptum
1618 2495 1738 2556 est.
1810 2490 1952 2555 Tua
1970 2491 2215 2556 scelera
2235 2468 2303 2517 85

174 2580 245 2645 di
281 2579 690 2644 immortales
725 2580 798 2643 in
832 2584 1096 2644 nostros
1135 2579 1379 2644 milites
1418 2580 1869 2663 expiaverunt3
1916 2579 2030 2663 qui
2067 2601 2216 2644 cum

171 2686 351 2730 novo
391 2686 626 2750 genere
655 2665 869 2729 morbi
897 2666 1345 2752 affligerentur
1369 2688 1579 2751 neque
1619 2690 1687 2733 se
1713 2685 2005 2732 recreare
2045 2668 2216 2751 quis-

175 2775 380 2838 quam
433 2757 686 2837 posset,
753 2753 866 2837 qui
921 2754 1121 2819 semel
1172 2754 1539 2839 incidisset,
1602 2755 1952 2819 dubitabat
2004 2777 2216 2837 nemo,

175 2842 340 2926 quin
383 2841 616 2907 violati
658 2841 975 2926 hospites,
1021 2842 1225 2927 legati
1269 2843 1504 2927 necati,
1550 2844 1771 2926 pacati
1817 2847 2013 2926 atque
2053 2842 2215 2906 socii

89 2964 145 3003 30
172 2928 432 2995 nefario
486 2930 661 2995 bello
706 2930 1026 3013 lacessiti,
1081 2929 1234 2994 fana
1278 2935 1515 2995 vexata
1557 2932 1729 2996 hanc
1775 2934 2035 2995 tantam
2081 2928 2214 2993 effi-

176 3022 404 3083 cerent
448 3018 850 3083 vastitatem.
932 3017 1292 3104 Cognoscis
1340 3041 1419 3083 ex
1463 3018 1791 3103 particula
1833 3039 2037 3101 parva
2084 3038 2214 3081 sce-

173 3106 389 3171 lerum
437 3110 504 3171 et
550 3106 955 3171 crudelitatis
1002 3111 1155 3171 tuae
1202 3128 1408 3193 genus
1454 3108 1848 3172 universum.

313 3194 488 3271 Quid
533 3194 864 3279 avaritiae,
912 3217 1076 3280 quae
1125 3194 1507 3259 criminibus
1552 3193 1833 3258 infinitis
1875 3191 2214 3276 implicata
2234 3206 2301 3255 86

173 3288 306 3368 est,
373 3306 698 3349 summam
758 3305 933 3348 nunc
998 3282 1361 3367 explicem?
1436 3281 1815 3347 Generatim
1880 3302 1983 3365 ea,
2048 3301 2213 3364 quae

86 3403 141 3444 35
174 3371 460 3437 maxime
503 3376 666 3437 nota
711 3376 883 3454 sunt,
929 3372 1158 3437 dicam.
1231 3370 1467 3436 Nonne
1505 3368 1885 3435 sestertium
1923 3368 2212 3434 centiens

172 3467 243 3527 et
285 3460 652 3567 octogiens,
699 3460 873 3561 quo-d
919 3460 1106 3543 quasi
1153 3459 1392 3525 vasarii
1431 3458 1694 3522 nomine
1731 3457 1802 3520 in
1837 3456 2212 3521 venditione

171 3552 306 3617 mei
371 3548 608 3633 capitis
674 3548 1098 3632 ascripseraS,
1163 3569 1242 3611 ex
1308 3544 1561 3611 aerario
1619 3544 1744 3608 tibi
1800 3544 2213 3608 adtributum

1786 3648 1892 3700 13*
