2550 3875
953 166 1106 221 GAP.
1148 172 1285 220 7—9
1325 173 1354 233 5
1390 173 1616 223 20—2'1.
2156 160 2291 228 339

259 350 391 412 qua
465 330 608 392 erat
681 349 795 391 rex
865 326 1365 415 potentissimus
1438 329 1738 392 mimicus
1811 327 1964 392 huic
2038 347 2287 408 causae,

261 415 478 480 aliena
512 415 814 480 voluntas
855 420 1208 481 conventus
1244 417 1419 480 firmi
1455 420 1650 500 atque
1687 415 1923 502 magni.
2004 414 2285 490 Quaero.

262 503 438 580 Quid
482 502 721 568 facturi
766 503 1032 568 fuistis?
1081 526 1491 588 quamquam,
1538 504 1693 588 quid
1737 503 1976 569 facturi
2011 503 2287 586 fueritiS,

261 591 585 676 dubitem,
639 613 788 657 cum
830 592 1114 676 videam,
1169 593 1324 677 quid
1368 591 1698 658 feceritis?
1753 591 2081 657 Prohibiti
2127 591 2286 656 estis

205 696 235 738 8
263 680 335 744 111
378 680 714 764 provincia
749 683 969 746 vestra
1004 680 1235 764 pedem
1271 702 1530 764 ponere,
1575 683 1642 744 et
1677 681 1996 764 prohibiti
2034 701 2289 745 summa

263 789 414 833 cum
459 767 713 833 iniuria.
808 767 952 844 Quo
1000 768 1193 832 modo
1230 769 1297 832 id
1335 768 1629 832 tulistis?
1676 772 1977 853 acceptae
2014 769 2287 833 iniuriae
2308 785 2377 837 25

265 856 623 941 querellam
669 855 750 920 ad
797 877 990 940 quem
1035 856 1411 920 detulistis?
1459 855 1712 940 Nempe
1759 857 1837 921 ad
1885 879 2059 942 eum,
2106 857 2289 922 cuius

263 943 730 1009 auctoritatem
811 944 1019 1009 secuti
1099 945 1171 1008 in
1252 945 1635 1009 societatem
1715 944 1874 1008 belli
1946 945 2292 1010 veneratiS.

267 1031 516 1108 Quodsi
570 1030 866 1097 Caesaris
929 1054 1125 1097 causa
1179 1032 1248 1097 in
1302 1032 1704 1117 provinciam
1759 1033 2144 1117 veniebatiS,
2210 1034 2292 1097 ad

180 1138 237 1177 1⁰
265 1142 417 1185 eum
451 1119 746 1204 profecto
785 1120 1029 1184 exclusi
1065 1121 1400 1204 provincia
1437 1121 1798 1185 venissetis.
1877 1085 2171 1187 Venistis
2211 1122 2292 1188 ad

264 1207 669 1292 Pompeium.
763 1207 940 1283 Quae
996 1212 1096 1272 est
1152 1229 1309 1294 ergo
1368 1209 1539 1292 apud
1584 1207 1929 1274 Caesarem
1986 1212 2287 1298 querella,

266 1317 415 1361 cum
462 1317 610 1360 eum
665 1296 1009 1380 accusetiS,
1061 1318 1101 1360 a
1145 1318 1273 1380 quo
1324 1297 1684 1379 queramini
1728 1298 2098 1381 prohibitos
2146 1323 2286 1366 esse

264 1405 383 1450 vos
448 1388 678 1449 contra
733 1382 1076 1449 Caesarem
1136 1404 1360 1469 gerere
1415 1385 1704 1449 bellum?
1766 1385 1986 1470 Atque
2038 1388 2110 1452 in
2161 1389 2287 1454 hoc

267 1470 528 1556 quidem
583 1472 686 1537 vel
742 1493 890 1538 cum
943 1472 1308 1556 mendacio,
1363 1473 1420 1537 si
1473 1473 1700 1557 vultis,
1756 1475 2126 1560 gloriemini
2169 1499 2287 1560 per

183 1577 236 1618 1⁶
266 1582 369 1625 me
433 1559 614 1644 licet,
678 1582 795 1625 vos
859 1560 1262 1644 provinciam
1324 1559 1525 1626 fuisse
1586 1560 1847 1627 Caesari
1912 1565 2285 1630 tradituros.

262 1647 546 1712 Etiamsi
600 1670 640 1712 a
685 1646 863 1712 Varo
919 1652 986 1713 et
1033 1670 1072 1712 a
1117 1649 1503 1732 quibusdam
1551 1650 1697 1714 aliis
1742 1652 2061 1734 prohibiti
2107 1655 2285 1739 estis,

265 1757 388 1822 ego
456 1740 676 1801 tamen
739 1737 1101 1802 confitebor
1165 1737 1425 1820 culpam
1484 1759 1623 1803 esse
1687 1737 1937 1824 Ligari,
2002 1742 2112 1825 qui
2166 1764 2282 1807 vos

264 1828 488 1888 tantae
535 1825 746 1888 laudis
795 1825 1130 1890 occasione
1175 1825 1545 1909 privaverit.
1637 1824 1763 1892 Sed
1806 1828 1978 1912 vide,
2026 1851 2283 1914 quaeso,
2302 1809 2343 1872 9

266 1911 524 1996 Caesar,
563 1914 998 1978 constantiam
1037 1915 1439 1979 ornatissimi
1466 1915 1591 1979 viri
1622 1914 2056 2002 [Tuberonis],
2086 1941 2283 2003 quam
2301 1900 2370 1951 ²⁰

183 2030 239 2071 ιο
264 2022 420 2088 eg0,
486 2002 778 2085 quamvis
834 2002 972 2086 ipse
1026 2003 1400 2087 probarem,
1463 2007 1539 2068 ut
1591 2005 1825 2106 probo,
1888 2009 2108 2071 tamen
2150 2030 2284 2072 non

263 2111 854 2175 commemorarem,
898 2090 1028 2154 nisi
1075 2112 1114 2155 a
1159 2094 1225 2156 te
1272 2092 1723 2193 cognovissem
1767 2093 1837 2156 in
1874 2093 2101 2177 primis
2140 2118 2283 2160 eam

261 2178 576 2244 virtutem
621 2178 828 2243 solere
883 2179 1149 2243 laudari.
1240 2179 1419 2255 Quae
1464 2180 1591 2246 fuit
1625 2180 1832 2267 igitur
1866 2204 2177 2266 umquam
2213 2185 2284 2248 in

261 2267 399 2332 ullo
480 2267 742 2331 homine
824 2270 1010 2331 tanta
1091 2268 1504 2333 constantia?
1588 2267 2039 2335 Constantiam
2111 2272 2284 2358 dico;

260 2354 482 2420 nescio
539 2376 624 2419 an
677 2354 908 2419 melius
963 2356 1350 2439 patientiam
1403 2358 1653 2440 possim
1707 2358 1933 2425 dicere.
2028 2360 2281 2461 Quotus

180 2469 234 2511 2⁶
261 2443 436 2508 enim
480 2442 658 2507 istud
705 2443 977 2527 quisque
1013 2442 1294 2528 fecisset,
1337 2447 1432 2528 ut,
1478 2467 1517 2509 a
1553 2445 1788 2530 quibus
1828 2448 2233 2531 [partibus]
2215 2472 2285 2514 111

260 2530 666 2596 dissensione
715 2531 890 2595 civili
935 2553 1068 2596 non
1114 2535 1288 2597 esset
1332 2526 1649 2616 receptuS,
1687 2539 1860 2599 esset
1898 2536 2097 2600 etiam
2135 2560 2283 2601 cum

263 2619 644 2684 crudelitate
717 2619 1020 2704 reiectus,
1095 2621 1174 2685 ad
1246 2642 1359 2685 eos
1421 2622 1601 2704 ipsos
1664 2623 1948 2688 rediret?
2055 2624 2282 2709 Magni

263 2707 596 2773 cuiusdam
661 2708 862 2772 animi
927 2712 1118 2793 atque
1183 2709 1322 2773 eius
1377 2709 1527 2793 viri,
1592 2732 1783 2795 quem
1838 2712 1913 2775 de
1980 2716 2282 2795 suscepta

264 2816 460 2862 causa
511 2796 975 2880 propositaque
1032 2797 1356 2862 sententia
1408 2798 1589 2861 nulla
1640 2799 2058 2882 contumelia,
2102 2799 2282 2862 nulla

181 2911 235 2951 so
259 2885 387 2969 vis,
458 2884 711 2949 nullum
782 2886 1140 2969 periculum
1211 2885 1425 2969 possit
1497 2885 1840 2969 depellere!
1952 2885 2045 2951 Ut
2109 2888 2282 2952 enim
2302 2899 2368 2949 27

261 2977 478 3039 cetera
522 2973 706 3057 paria
750 2972 1076 3038 Tuberoni
1123 2996 1268 3038 cum
1316 2972 1495 3038 Varo
1541 2972 1843 3057 fuissent,
1892 2974 2099 3037 honos
2108 3025 2126 3058 ,
2171 2997 2281 3039 no—

259 3062 511 3142 bilitas,
568 3061 898 3146 splendor,
941 3062 1295 3147 ingenium,
1342 3083 1505 3145 quae
1551 3083 1958 3145 nequaquam
2003 3061 2282 3147 fuerunt,

259 3150 385 3215 hoc
433 3153 604 3215 certe
650 3149 1068 3235 praecipuum
1113 3150 1491 3233 Tuberonis,
1538 3150 1709 3234 quod
1755 3150 1926 3213 iusto
1976 3171 2120 3213 cum
2166 3152 2281 3215 im-

260 3238 442 3323 perio
490 3260 568 3304 ex
615 3242 876 3303 senatus
925 3239 1221 3304 consulto
1259 3238 1330 3302 in
1356 3238 1758 3322 provinciam
1787 3259 1972 3302 suam
1999 3244 2281 3304 venerat.

183 3352 234 3393 ³5
261 3326 434 3392 Hinc
496 3326 866 3410 prohibitus
937 3349 1071 3392 non
1143 3327 1223 3391 ad
1278 3324 1648 3409 Caesarem,
1710 3348 1790 3391 ne
1854 3326 2059 3390 iratus
2069 3377 2087 3411 ,
2149 3350 2282 3393 non

262 3415 545 3499 domum,
579 3437 659 3480 ne
697 3414 888 3499 iners,
923 3436 1055 3480 non
1091 3415 1162 3479 in
1189 3415 1474 3497 aliquam
1503 3414 1852 3499 regionem,
1879 3436 1959 3478 ne
1989 3416 2282 3480 condem·

260 3524 417 3568 nare
475 3524 735 3567 causam
779 3502 990 3586 illam,
1047 3524 1240 3586 quam
1288 3506 1545 3566 secutus
1593 3506 1757 3585 erat,
1808 3503 2159 3588 videretur3
2212 3527 2283 3568 111

1850 3606 1959 3659 22*

2415 1141 2443 1164 Ἀ-

2414 1168 2465 1210 κ’ὶῖ
