2550 3875
324 205 455 271 356
778 203 920 256 PRO
959 200 1156 258 REGE
1193 200 1565 256 DEIOTARO
1605 199 1870 254 ORATIO

324 389 454 432 una
497 365 900 450 praesertim,
948 385 1096 429 cum
1133 368 1271 428 tam
1308 364 1551 427 multas
1588 361 1849 427 videat?
1931 359 2143 426 Valde
2178 362 2356 426 enim

324 453 742 519 invidendum
785 457 890 518 est
925 453 1064 516 eius
1101 452 1357 536 statuiS,
1402 453 1585 516 cuius
1622 450 1910 535 tropacis
1945 473 2080 514 non
2114 450 2357 516 invide-

328 565 490 607 mus.
573 540 762 624 Nam,
810 541 868 606 si
912 541 1094 605 locus
1143 540 1355 604 adfert
1391 539 1720 624 invidiam,
1763 539 1984 603 nullus
2026 539 2209 603 locus
2252 542 2358 603 est

327 633 409 696 ad
459 634 747 695 statuam
795 629 1056 714 quidem
1100 629 1335 694 rostris
1382 628 1636 693 clarior.
1716 626 1815 691 De
1858 627 2096 711 plausu
2134 631 2357 692 autem

327 720 483 803 quid
536 718 1014 804 respondeam?
1071 718 1184 802 qui
1227 738 1347 782 nec
1394 716 1797 781 desideratus
1842 737 2155 799 umquam
2202 737 2243 780 a
2288 720 2355 780 te
2404 735 2429 776 ⁶

329 812 432 873 est
495 812 563 872 et
623 829 756 873 non
817 827 1175 891 numquam
1240 804 1713 889 obstupefactis
1776 804 2155 869 hominibus
2210 805 2357 888 ipsa

328 897 755 960 admiratione
822 915 1230 979 compressus
1297 898 1399 958 est
1457 896 1525 958 et
1585 893 1865 958 fortasse
1926 915 2003 958 eo
2068 897 2355 977 praeter-

329 986 595 1068 missuS,
651 983 804 1068 quia
859 983 1026 1047 nihil
1081 983 1353 1068 vulgare
1408 985 1476 1046 te
1531 981 1801 1067 dignum
1854 981 2058 1046 videri
2114 984 2353 1066 potest.

460 1071 648 1136 Nihil
695 1093 734 1135 a
778 1093 882 1135 me
921 1071 1205 1135 arbitror
1241 1071 1792 1155 praetermissum,
1838 1070 1951 1134 sed
1988 1070 2239 1152 aliquid
2276 1070 2357 1133 ad

329 1165 686 1224 extremam
724 1180 956 1225 causae
993 1163 1248 1242 partem
1275 1161 1696 1224 reservatum.
1749 1157 1827 1221 Id
1856 1163 2077 1222 autem
2106 1158 2357 1241 aliquid
2384 1177 2429 1218 ιο

327 1253 445 1334 est,
488 1254 554 1313 te
601 1252 678 1313 ut
722 1249 913 1332 plane
951 1246 1262 1312 Deiotaro
1301 1247 1677 1312 reconciliet
1716 1246 1927 1311 oratio
1966 1268 2126 1311 mea.
2201 1245 2359 1311 Non

327 1338 502 1402 enim
556 1337 688 1400 iam
743 1340 992 1419 metu0,
1042 1357 1126 1400 ne
1173 1341 1248 1400 tu
1294 1335 1395 1399 illi
1442 1355 1843 1419 suscenseas,
1901 1334 2064 1399 illud
2110 1357 2359 1418 vereor,

326 1448 409 1491 ne
455 1425 580 1489 tibi
627 1425 814 1488 illum
859 1445 1232 1489 suscensere
1271 1423 1519 1509 aliquid
1556 1423 1909 1508 suspicerc3
1957 1423 2129 1507 quod
2170 1424 2360 1488 abest

327 1513 739 1597 longissime,
794 1513 956 1576 mihi
1011 1512 1224 1596 crede,
1279 1511 1535 1578 Caesar.
1630 1511 1797 1587 Quid
1854 1512 2029 1576 enim
2072 1512 2360 1577 retineat

329 1623 444 1685 per
499 1605 593 1684 te,
647 1601 972 1684 meminit,
1027 1622 1159 1665 non
1215 1601 1371 1685 quid
1427 1600 1747 1684 amiserit,
1800 1621 2009 1684 neque
2066 1622 2135 1665 se
2194 1623 2233 1664 a
2290 1605 2355 1664 te
2384 1619 2430 1660 ιε

330 1689 682 1754 multatum
729 1689 1102 1771 arbitratur,
1149 1689 1278 1772 sed,
1326 1711 1474 1753 cum
1520 1689 1929 1753 existimares
1964 1688 2193 1754 multis
2232 1689 2359 1752 tibi

330 1777 540 1841 multa
585 1798 724 1841 esse
771 1777 1142 1860 tribuenda,
1199 1798 1328 1860 quo
1374 1777 1589 1842 minus
1636 1799 1675 1840 a
1720 1798 1815 1861 sc,
1873 1778 1984 1861 qui
2031 1777 2101 1841 in
2147 1778 2359 1842 altera

242 1885 312 1936 86
329 1869 515 1952 parte
560 1865 818 1949 fuisset,
869 1887 946 1930 ea
992 1886 1307 1949 sumereS,
1350 1887 1484 1930 non
1528 1865 1869 1930 recusavit.
1960 1865 2254 1952 Etenim,
2302 1867 2358 1930 si

329 1954 696 2020 Antiochus
742 1954 1021 2040 Magnus
1068 1954 1208 2038 ille,
1263 1975 1375 2017 rex
1421 1953 1646 2038 Asiae,
1703 1976 1876 2039 cum,
1927 1959 2359 2040 posteaquam

331 2065 371 2107 a
405 2042 477 2107 L.
519 2042 819 2128 Scipione
865 2043 1154 2107 devictus
1191 2048 1296 2126 est,
1341 2041 1557 2107 Tauro
1594 2046 1784 2107 tenus
1823 2064 2095 2129 regnare
2134 2044 2355 2109 iussus
2384 2062 2435 2103 zo

331 2136 504 2195 esset
559 2152 943 2214 omnemque
998 2131 1165 2195 hanc
1210 2130 1467 2215 Asiam,
1528 2152 1691 2215 quae
1748 2135 1848 2196 est
1901 2153 2072 2197 nunc
2124 2138 2361 2197 nostra

330 2220 691 2303 provincia,
741 2218 1084 2303 amisisset,
1128 2219 1339 2283 dicere
1386 2223 1489 2283 est
1534 2220 1768 2284 solitus
1814 2221 2094 2305 benigne
2142 2220 2273 2286 sibi
2320 2243 2361 2285 a

331 2307 574 2390 populo
620 2306 916 2371 Romano
964 2328 1103 2372 esse
1149 2306 1416 2392 factum,
1468 2308 1640 2392 quod
1685 2308 1879 2373 nimis
1926 2330 2165 2394 magna
2210 2332 2361 2393 pro-

333 2395 666 2460 curatione
728 2396 1046 2461 liberatus
1110 2396 1381 2460 modicis
1446 2395 1631 2481 regni
1686 2396 1986 2461 terminis
2042 2401 2362 2483 uteretur,

331 2486 554 2567 potest
619 2484 827 2549 multo
899 2484 1158 2549 facilius
1231 2506 1304 2547 se
1369 2482 1716 2550 Deiotarus
1782 2485 2123 2550 consolari.
2234 2486 2361 2551 Ille
2389 2506 2440 2547 a

334 2571 506 2635 enim
558 2570 798 2636 furoris
853 2573 1128 2635 multam
1183 2572 1563 2657 sustulerat,
1616 2572 1725 2637 hic
1770 2574 2027 2638 erroris.
2116 2572 2363 2639 Omnia

331 2662 407 2723 tu
459 2658 798 2745 Deiotam,
862 2659 1128 2744 Caesar,
1191 2661 1513 2744 tribuisti,
1579 2682 1725 2725 cum
1789 2664 1856 2725 et
1910 2661 2037 2746 ipsi
2093 2666 2161 2727 et
2214 2663 2360 2729 filio

331 2769 569 2812 nomen
613 2748 866 2833 regium
903 2748 1301 2813 concessisti.
1383 2747 1529 2814 Hoc
1563 2749 1825 2813 nomine
1859 2754 2117 2815 retento
2156 2754 2361 2835 atque

333 2839 588 2900 servato
633 2837 886 2901 nullum
929 2836 1317 2901 beneficium
1361 2838 1586 2921 populi
1631 2836 1927 2923 Romani,
1972 2839 2227 2903 nullum
2262 2839 2362 2903 iu-

332 2924 573 2988 dicium
655 2925 731 2988 de
782 2945 880 3002 >se
955 2929 1219 2988 senatus
1292 2924 1710 2990 imminutum
1781 2930 1989 3009 putat.
2108 2926 2359 3013 Magno
2390 2948 2443 2988 so

335 3012 550 3076 animo
599 3016 666 3076 et
713 3016 928 3077 erecto
974 3016 1078 3076 est
1121 3034 1241 3077 nec
1284 3034 1596 3095 umquam
1641 3014 2019 3079 succumbet
2054 3016 2361 3101 inimicis,

247 3120 314 3170 8⁷
334 3122 415 3163 ne
461 3099 760 3164 fortunae
809 3100 1084 3184 quidem.
1165 3099 1377 3165 Multa
1422 3122 1490 3165 se
1528 3102 1887 3167 arbitratur
1922 3105 1990 3167 et
2024 3105 2359 3188 peperisse

337 3191 487 3251 ante
541 3187 734 3253 factis
789 3192 856 3252 et
908 3189 1148 3253 habere
1205 3189 1275 3254 in
1330 3190 1544 3253 animo
1601 3193 1797 3274 atque
1854 3191 2123 3276 virtute,
2188 3213 2359 3276 quae

335 3275 515 3339 nullo
569 3278 763 3341 modo
815 3276 1030 3359 possit
1077 3277 1395 3341 amittere.
1489 3277 1665 3353 Quae
1712 3278 1886 3343 enim
1930 3278 2195 3345 fortuna
2240 3285 2360 3345 aut

339 3363 483 3445 quis
529 3384 716 3428 casus
763 3368 878 3427 aut
924 3386 1086 3447 quae
1131 3368 1319 3430 tanta
1363 3365 1574 3450 possit
1616 3366 1855 3432 iniuria
1902 3368 2191 3433 omnium
2236 3370 2358 3434 im-
2388 3386 2439 3429 σε

338 3453 712 3531 peratorum
767 3451 843 3514 de
890 3450 1203 3516 Deiotaro
1250 3453 1507 3517 decreta
1552 3454 1809 3520 delere?
1898 3456 2003 3521 Ab
2052 3457 2359 3523 omnibus

338 3536 510 3599 enim
575 3544 676 3601 est
739 3544 1033 3621 ornatus,
1098 3539 1236 3622 qui,
1311 3546 1737 3625 posteaquam
1789 3544 1859 3608 in
1925 3545 2155 3610 castris
2212 3566 2360 3612 esse

226 1039 307 1104 13

239 1129 308 1178 85
