2550 3875
792 180 949 239 cAP.
991 189 1198 237 11-13
1236 188 1264 248 ς
1302 188 1531 239 27—33.
2002 182 2131 248 371

102 364 497 410 consensum
557 344 747 408 illum
809 344 1082 429 theatri,
1156 367 1304 410 cum
1361 366 1584 410 omnes
1641 366 1864 411 earum
1917 366 2136 411 rerum

103 431 329 516 obliti,
382 436 654 517 propter
700 454 863 517 quas
905 432 1169 498 fuerant
1213 434 1339 498 tibi
1386 433 1641 517 offensi,
1688 433 2135 519 significarent

102 542 177 585 se
224 520 540 585 beneficio
584 542 755 586 novo
803 522 1187 586 memoriam
1231 521 1472 586 veteris
1519 521 1764 587 doloris
1801 522 2134 587 abiecisse.

100 607 294 674 Hanc
348 613 451 693 tu,
514 608 585 674 P.
640 608 1015 692 Dolabella,
1072 607 1340 695 (magno
1396 610 1631 693 loquor
1686 632 1834 675 cum
1879 607 2131 695 dolore)
2153 619 2218 669 31

47 723 68 763 3
100 698 276 762 hanc
321 701 415 781 tu,
459 697 745 781 inquam,
788 697 1069 783 potuisti
1114 719 1323 782 aequo
1371 698 1589 763 animo
1635 702 1891 767 tantam
1927 699 2133 784 digni-

47 796 49 833 ῑ
99 789 314 850 tatem
369 785 734 869 deponere?
832 785 931 850 Tu
978 790 1225 869 autem,
1284 784 1374 851 M.
1426 784 1705 871 Antoni,
1765 786 2132 871 (absentem
2155 783 2250 848 13

99 874 282 938 enim
328 870 614 959 appello)
660 895 863 939 unum
907 873 1096 938 illum
1143 874 1333 959 diem,
1380 895 1512 957 quo
1553 875 1626 939 in
1661 874 1815 940 aede
1852 874 2134 940 Telluris
2258 887 2268 896 “

45 1006 49 1015 ›
100 965 373 1029 senatus
435 960 591 1045 fuit,
653 984 788 1028 non
842 962 1145 1027 omnibus
1198 962 1304 1027 his
1360 961 1720 1046 mensibus,
1776 963 2012 1046 quibus
2065 967 2134 1027 te

45 1096 49 1105 .
45 1049 373 1135 quidam
435 1050 717 1115 multum
770 1072 811 1115 a
864 1071 966 1115 me
1031 1050 1494 1115 dissentientes
1556 1014 1820 1115 beat'um
1877 1054 2134 1135 putant,

45 1164 71 1203 o
102 1138 496 1222 anteponis?
537 1138 715 1215 Quae
751 1137 881 1203 fuit
918 1138 1129 1203 oratio
1158 1138 1236 1203 de
1265 1138 1636 1204 concordia!
1679 1142 1924 1223 quanto
1951 1143 2134 1203 metu

100 1230 391 1309 senatuS,
438 1230 683 1310 quanta
728 1226 1167 1291 sollicitudine
1216 1226 1448 1292 civitas
1494 1230 1638 1291 tum
1675 1249 1714 1291 a
1750 1230 1816 1291 te
1853 1226 2136 1291 liberata

42 1312 45 1375 ί
100 1318 233 1399 est,
290 1335 437 1379 cum
492 1314 811 1399 collegam
864 1318 1051 1379 tuum
1104 1314 1422 1399 depositis
1477 1314 1840 1379 inimicitiis
1887 1314 2133 1380 oblitus

42 1423 45 1460 ³
42 1402 547 1556 ῗὲἷὲἓξωῇῗῗ
569 1403 865 1576 ..zm
868 1402 1834 1577 ⁸t2¹²5353³2210533¹2131b150323¹
1845 1402 2134 1575 ..3333

40 1603 70 1643 5
102 1585 261 1645 tuus
320 1600 561 1662 parvus
624 1578 800 1644 filius
864 1579 934 1643 in
988 1578 1390 1664 Capitolium
1445 1601 1484 1644 a
1538 1583 1604 1644 te
1659 1579 1896 1645 missus
1951 1578 2132 1663 pacis

103 1667 299 1733 obses
371 1666 523 1731 fuiti
598 1688 726 1751 quo
800 1671 1065 1732 senatus
1138 1668 1241 1732 die
1315 1667 1579 1750 laetior,
1652 1688 1781 1752 quo
1845 1668 2126 1751 populus
2147 1680 2214 1729 82

40 1754 487 1821 aRomanus‘?
560 1755 673 1840 qui
747 1754 1006 1839 quidem
1076 1756 1261 1820 nulla
1322 1756 1392 1819 in
1455 1756 1757 1821 contione
1819 1777 2131 1856 umquam

99 1842 507 1929 frequentior
582 1842 727 1907 fuit.
844 1842 1012 1907 Tum
1085 1843 1359 1927 denique
1430 1843 1695 1908 liberati
1767 1864 1884 1926 per
1954 1843 2130 1908 viros

38 1931 507 2001 :fortissimos
560 1931 965 2016 videbamur,
1020 1931 1200 2017 quia,
1253 1936 1332 1997 ut
1385 1931 1485 1996 illi
1530 1931 1895 2014 voluerant,
1941 1931 2131 1996 liber·

38 2045 75 2093 :o
103 2025 316 2087 tatem
380 2042 507 2104 pax
571 2022 1105 2104 consequebatur.
1213 2019 1553 2104 Proximo,
1616 2020 1849 2103 altero,
1913 2019 2132 2102 terti0,

40 2110 380 2193 denique
436 2108 707 2193 reliquis
762 2109 1128 2174 consecutis
1182 2108 1411 2173 diebus
1466 2129 1601 2173 non
1644 2107 2134 2172 intermittebas

38 2197 294 2282 :quasi
365 2196 607 2261 donum
680 2196 944 2280 aliquod
1026 2196 1263 2262 cotidie
1337 2195 1589 2261 adferre
1652 2195 1748 2259 rei
1809 2195 2130 2280 publicae,

104 2285 462 2350 maximum
489 2288 708 2349 autem
736 2285 917 2370 illud,
946 2285 1120 2369 quod
1143 2284 1507 2350 dictaturae
1524 2305 1764 2348 nomen
1783 2283 2130 2348 sustulisti.

40 2373 287 2438 Haec
339 2373 561 2437 inusta
614 2377 715 2437 est
770 2393 809 2437 a
852 2377 947 2456 te,
1001 2395 1042 2438 a
1088 2377 1181 2456 te,
1224 2373 1511 2457 inquam,
1557 2375 1817 2437 mortuo
1865 2369 2132 2437 Caesari

38 2483 76 2525 :5
103 2465 266 2527 nota
320 2460 402 2525 ad
445 2460 875 2546 ignominiam
930 2461 1410 2544 sempiternam.
1500 2458 1596 2525 Ut
1643 2459 1816 2524 enim
1860 2463 2132 2544 propter

40 2622 42 2625 ,
104 2550 299 2616 unius
336 2547 423 2612 M.
460 2547 666 2612 Manli
704 2549 913 2614 scelus
952 2549 1209 2613 decreto
1249 2548 1466 2634 gentis
1493 2546 1776 2612 Manliae
1803 2548 2131 2612 neminem

40 2678 42 2685 ·
105 2637 457 2724 patricium
494 2635 811 2701 Manlium
848 2637 1143 2702 Marcum
1179 2637 1398 2702 vocari
1425 2636 1600 2720 licet,
1639 2635 1732 2700 sic
1761 2639 1836 2700 tu
1861 2638 2137 2719 propter

105 2727 297 2792 unius
344 2725 685 2790 dictatoris
732 2724 953 2790 odium
995 2745 1235 2790 nomen
1281 2724 1621 2789 dictatoris
1655 2723 1952 2788 funditus
1991 2744 2127 2787 sus—

108 2814 339 2880 tulisti.
438 2812 617 2878 Num
670 2818 765 2897 te,
821 2835 968 2878 cum
1022 2813 1183 2878 haec
1236 2835 1356 2896 pro
1413 2813 1624 2878 salute
1677 2812 1772 2875 rei
1825 2810 2123 2895 publicae
2145 2832 2222 2881 33

38 2925 79 2964 ιο
108 2906 296 2968 tanta
340 2901 673 2987 gessisses,
718 2900 1020 2966 fortunae
1068 2905 1236 2984 tuae,
1272 2922 1431 2965 num
1468 2898 1935 2984 amplitudiniS,
1970 2919 2128 2962 num

107 2990 427 3057 claritatis
505 2992 705 3074 [,num
778 2991 1053 3076 gloriae]
1129 2989 1552 3073 paenitebat?
1660 2986 1847 3052 Unde
1919 2985 2128 3086 igitur

108 3078 326 3145 subito
381 3083 569 3143 tanta
621 3079 753 3144 ista
805 3077 1129 3143 mutatio?
1231 3075 1384 3142 Non
1436 3097 1706 3160 possum
1751 3073 2008 3157 adduci,
2053 3078 2130 3138 ut

110 3167 397 3253 suspicer
443 3170 509 3231 te
546 3166 821 3251 pecunia
858 3170 1138 3250 captum.
1220 3163 1422 3248 Licet,
1469 3165 1639 3248 quod
1679 3163 1909 3247 cuique
1945 3124 2130 3246 li’bet,

106 3258 431 3341 loquatur,
469 3255 727 3319 credere
759 3275 892 3321 non
920 3259 1021 3319 est
1047 3274 1328 3319 necesse.
1400 3251 1587 3317 Nihil
1616 3251 1788 3315 enim
1815 3271 2129 3334 umquam

38 3364 78 3406 ιι,
110 3345 180 3410 ιιι
240 3348 309 3408 te
373 3342 730 3426 sordidum,
790 3341 957 3406 nihil
1020 3342 1266 3406 humile
1324 3340 1617 3428 cognovi.
1719 3339 2129 3423 Quamquam

108 3433 321 3499 solent
377 3431 717 3495 domestici
772 3431 1121 3514 depravare
1176 3451 1310 3495 non
1361 3450 1747 3513 numquam3
1807 3428 1920 3493 sed
1972 3427 2130 3492 novi

105 3519 487 3586 firmitatem
533 3522 732 3584 tuam.
814 3518 1033 3603 Atque
1068 3519 1326 3584 utinam
1361 3523 1438 3583 ut
1475 3518 1750 3602 culpam,
1797 3517 1892 3583 sic
1929 3516 2129 3581 etiam

1699 3618 1810 3676 24*
