2550 3875
853 163 1008 220 CAP
1047 170 1148 218 5—
1157 171 1186 219 τ
1224 169 1256 230 5
1296 163 2210 228 10-15.16‘1

171 303 291 415 pl„
354 329 413 393 si
475 351 594 407 sua
645 328 909 392 consilia
964 349 1111 391 cum
1166 327 1285 391 illo
1342 279 1815 411 coniunxisset,
1877 347 1919 392 a
1972 329 2209 391 senatu
2288 345 2299 358 ·

176 381 439 502 quidem
485 415 891 517 desperasse,
934 413 1130 480 huius
1177 419 1245 479 te
1290 415 1633 500 cupiditati
1673 414 1965 498 obsequi,
2012 413 2211 478 sicuti

175 527 300 592 ego
355 505 657 570 fecissem
713 505 785 568 in
841 502 1096 589 collega
1141 525 1317 588 meo;
1368 503 1537 569 nihil
1583 525 1753 588 esse,
1808 503 1983 587 quod
2028 523 2211 587 prae÷

175 595 417 660 sidium
462 593 806 658 consulum
850 591 1276 677 inplorarem3
1323 592 1453 656 sibi
1499 613 1822 677 quemque
1871 591 2211 656 consulere
2330 613 2361 645 ο

116 699 145 740 ⁵
175 685 498 767 oportere.
571 681 792 765 Atque
827 679 989 746 haec
1027 680 1240 746 dicere
1277 681 1388 744 vix
1419 680 1655 765 aude03
1691 702 1948 764 vereor,
1983 701 2065 744 ne
2095 679 2213 763 qui

173 772 292 855 sit,
348 770 463 854 qui
516 769 708 833 istius
763 769 1092 854 insignem
1145 769 1511 853 nequitiam
1557 731 1797 834 frdntis
1843 766 2213 833 involutam

171 858 649 944 integumentis
684 858 975 923 nondum
1012 861 1262 943 cernat3
1301 858 1513 922 dicam
1546 861 1785 922 tamen.
1850 855 2003 940 Ipse
2034 859 2212 921 certe
2264 853 2267 858 ’

175 952 490 1034 agnoscet
520 949 588 1010 et
616 968 763 1010 cum
793 945 1013 1029 aliquo
1043 944 1265 1011 dolore
1287 946 1693 1032 flagitiorum
1714 966 1981 1010 suorum
2001 965 2213 1009 recor-

175 1036 456 1100 dabitur.
529 1033 992 1118 Meministine,
1040 1055 1331 1120 caenum,
1377 1057 1525 1100 cum
1573 1034 1653 1098 ad
1701 1037 1767 1098 te
1806 1033 2039 1117 quinta
2072 1032 2211 1098 fere
2234 1035 2307 1085 18

93 1142 150 1181 ιο
176 1125 344 1189 hora
389 1145 540 1188 cum
578 1121 648 1190 C.
685 1122 925 1187 Pisone
969 1122 1313 1206 venissem,
1357 1122 1579 1187 nescio
1618 1143 1749 1206 quo
1786 1143 1822 1186 e
1859 1120 2211 1222 gurgustio

175 1217 242 1277 te
288 1211 552 1297 prodire
598 1209 895 1275 involuto
943 1211 1177 1295 capite,
1222 1210 1564 1295 soleatum,
1611 1215 1695 1293 et,
1742 1231 1892 1274 cum
1926 1209 2059 1274 isto
2099 1230 2212 1274 ore

171 1301 422 1366 foetido
479 1299 928 1364 taeterrimam
977 1298 1170 1364 nobis
1217 1299 1530 1384 popinam
1546 1260 1967 1381 inlialasses,
2026 1319 2215 1362 excu-

175 1390 430 1461 satione
487 1393 553 1452 te
603 1388 706 1452 uti
751 1380 1172 1470 valetudiniS,
1226 1388 1401 1470 quod
1446 1387 1694 1452 diceres
1738 1385 2098 1452 vinulentis
2144 1390 2213 1451 te

176 1476 570 1561 quibusdam
624 1475 1161 1541 medicaminibus
1217 1475 1428 1540 solere
1485 1473 1744 1541 curari?
1821 1473 2035 1550 Quam
2088 1495 2215 1540 nos

94 1582 148 1624 ιε
178 1585 446 1630 causam
501 1586 648 1630 cum
705 1563 1178 1648 accepissemus
1236 1561 1420 1649 (quid
1476 1564 1651 1628 enim
1696 1562 1909 1628 facere
1955 1565 2213 1647 potera-

177 1675 327 1716 mus
338 1651 428 1738 ἲ),
485 1653 817 1737 paulisper
871 1652 1178 1717 stetimus
1232 1653 1306 1717 in
1356 1651 1475 1716 illo
1531 1673 1890 1738 ganearum
1943 1655 2213 1716 tuarum

177 1741 408 1806 nidore
461 1744 656 1825 atque
711 1740 922 1824 fumo3
984 1741 1153 1804 unde
1210 1743 1287 1804 tu
1340 1762 1462 1805 nos
1520 1763 1669 1805 cum
1721 1740 2213 1824 improbissime

177 1829 647 1914 respondendo,
691 1832 834 1894 tum
885 1828 1264 1913 turpissime
1312 1829 1629 1894 ructando
1678 1828 1947 1893 eiecisti.
2028 1826 2214 1892 Idem
2236 1833 2307 1881 14

175 1918 294 1983 illo
358 1917 492 1984 fere
555 1917 756 1985 biduo
820 1917 1179 2003 productus
1238 1917 1309 1983 in
1367 1917 1742 1983 contionem
1798 1917 1879 1983 ab
1938 1939 2042 2001 eo,
2108 1916 2216 1981 cui

91 2020 149 2068 ἑο
176 2007 631 2091 inlaqueatum
683 2007 1045 2092 praebebas
1095 2007 1509 2072 consulatum
1554 2009 1771 2089 tuum,
1830 2026 1981 2071 cum
2035 2026 2215 2070 esses

173 2096 654 2181 interrogatuS,
712 2095 881 2179 quid'
914 2094 1191 2159 sentires
1240 2096 1319 2159 de
1366 2095 1715 2159 consulatu
1760 2116 1936 2179 meo,
1992 2094 2215 2179 gravis

177 2188 435 2267 auctor,
508 2183 848 2249 Calatinus
926 2182 1116 2248 credo
1191 2183 1433 2267 aliquis
1502 2185 1618 2247 aut
1679 2182 2033 2247 Africanus
2099 2185 2216 2246 aut

174 2271 505 2337 Maximus
562 2274 631 2336 et
671 2293 806 2337 non
851 2270 1255 2337 Caesoninus
1308 2270 1898 2355 Semiplacentinus
1946 2269 2217 2336 Calven-

175 2360 341 2443 tius,
395 2358 750 2444 respondes
807 2359 1016 2423 altero
1064 2360 1148 2423 ad
1191 2359 1481 2424 frontem
1526 2359 1818 2444 sublato,
1875 2359 2085 2423 altero
2133 2358 2218 2423 ad

88 2467 146 2511 2⁵
176 2452 475 2513 mentum
547 2448 854 2531 depresso
929 2448 1278 2531 supercilio
1354 2447 1810 2512 crudelitatem
1882 2448 2009 2512 tibi
2080 2469 2218 2513 non

173 2537 455 2623 placere.
534 2534 664 2601 Hic
719 2538 786 2599 te
841 2534 953 2599 ille
1007 2535 1206 2600 homo
1255 2535 1681 2621 dignissimus
1729 2535 1863 2601 tuis
1909 2536 2215 2601 laudibus
2238 2538 2276 2601 7

177 2624 592 2689 collaudavit.
677 2622 1102 2689 Crudelitatis
1151 2628 1252 2707 tu,
1303 2623 1591 2709 furcifer,
1638 2629 1940 2689 senatum
1984 2624 2214 2690 consul

175 2714 248 2777 in
309 2713 612 2777 contione
670 2712 1106 2777 condemnas?
1169 2733 1305 2777 non
1359 2713 1534 2778 enim
1589 2734 1721 2795 me,
1788 2712 1901 2796 qui
1958 2712 2216 2777 senatui

176 2802 396 2885 parui3
459 2823 613 2865 nam
679 2800 912 2865 relatio
975 2800 1094 2864 illa
1160 2800 1469 2865 salutaris
1536 2802 1603 2864 et
1662 2800 1943 2885 diligens
1998 2799 2217 2864 fuerat

87 2914 148 2955 ao
175 2852 495 2973 consulis,
559 2888 1034 2953 animadversio
1100 2889 1364 2971 quidem
1428 2890 1497 2953 et
1559 2889 1875 2953 iudicium
1930 2892 2217 2952 senatus.

177 2976 361 3053 Quae
400 2998 550 3041 cum
585 2977 1026 3062 reprehendis,
1075 2977 1385 3060 ostendis,
1434 2976 1647 3060 qualis
1686 2981 1781 3061 tu,
1816 2977 1874 3041 si
1912 2977 2009 3039 ita
2042 2976 2216 3055 forte

175 3066 543 3149 accidisset,
570 3064 773 3132 fueris
802 3066 920 3130 illo
948 3069 1247 3150 tempore
1275 3065 1503 3130 consul
1532 3064 1812 3129 futurus.
1876 3062 2217 3149 Stipendio

174 3153 548 3219 mehercule
595 3158 663 3218 et
707 3154 1038 3219 frumento
1077 3152 1434 3219 Catilinam
1476 3175 1618 3219 esse
1655 3156 1958 3238 putasses
1996 3152 2219 3217 iuvan-

175 3244 349 3307 dum„
432 3242 605 3317 Quid
639 3243 816 3307 enim
851 3241 1156 3307 interfuit
1191 3242 1367 3306 inter
1405 3240 1761 3307 Catilinam
1798 3243 1867 3306 et
1903 3263 2071 3325 eum,
2109 3241 2215 3306 cui
2240 3252 2307 3301 15

85 3355 146 3397 ⁸⁵
173 3334 251 3395 tu
297 3334 567 3395 senatus
614 3330 1098 3413 auctoritatem,
1144 3330 1429 3395 salutem
1472 3329 1781 3414 civitatis,
1829 3333 2044 3395 totam
2079 3351 2220 3395 rem

172 3419 510 3503 publicam
566 3418 943 3504 provinciae
989 3418 1283 3503 praemio
1328 3417 1728 3483 vendidisti?
1814 3417 1997 3494 Quae
2043 3418 2220 3482 enim

171 3505 247 3571 L.
282 3505 641 3572 Catilinam
680 3510 1029 3573 conantem
1067 3506 1296 3571 consul
1332 3505 1663 3591 prohibui,
1701 3527 1778 3571 ea
1813 3504 1886 3571 P.
1916 3505 2223 3573 Clodium
