2550 3875
913 205 1066 260 cAP.
1108 212 1278 261 9—11
1322 212 1353 271 ς
1395 197 1620 262 18—'24.
2152 208 2283 271 503

240 373 392 435 sunt
427 368 653 453 secuti,
691 371 998 433 conatum
1035 365 1287 431 Antoni
1326 368 1766 452 reppulerunt,
1804 372 1959 452 post
1996 368 2285 433 eiusdem

240 456 531 522 furorem
585 454 829 520 Martia
891 455 1066 541 legio
1123 455 1351 540 fregit,
1417 461 1652 539 quarta
1716 456 1970 520 afflixit.
2074 454 2183 521 Sic
2246 479 2287 521 a

243 546 380 611 suis
419 544 794 630 legionibus
833 543 1301 609 condemnatus
1338 543 1590 627 inrupit
1625 545 1696 609 in
1736 543 2039 629 Galliam,
2087 567 2285 629 quam

242 634 370 698 sibi
427 632 626 697 armis
679 632 1042 716 animisque
1087 631 1398 697 infestam
1445 632 1905 717 inimicamque
1954 633 2283 719 cognovit.

185 738 211 779 ⁵
239 722 436 786 Hunc
490 720 570 785 A.
623 720 832 803 Hirti,
897 720 969 786 C.
1026 717 1328 785 Caesaris
1394 720 1719 785 exercitus
1771 722 2052 787 insecuti
2112 726 2285 806 sunt,

240 814 396 894 post
442 808 695 874 Pansae
752 808 1028 873 dilectus
1083 809 1315 873 urbem
1361 812 1702 893 totamque
1748 808 2012 874 Italiam
2059 810 2282 874 erexit.

239 896 436 963 Unus-
493 897 785 962 omnium
846 901 949 962 est
1002 896 1235 961 hostis.
1342 896 1751 980 Quamquam
1803 897 2007 962 habet
2062 920 2284 964 secum

241 984 519 1051 Lucium
536 985 826 1069 fratrem,
847 985 1257 1051 carissimum
1275 985 1521 1069 populo
1539 984 1839 1050 Romano
1856 986 2082 1069 civem,
2098 986 2281 1051 cuius

243 1074 638 1140 desiderium
682 1073 851 1139 ferre
899 1074 1145 1137 diutius
1194 1074 1426 1138 civitas
1470 1095 1606 1139 non
1640 1077 1878 1159 potest.
1956 1074 2127 1150 Quid
2163 1074 2281 1138 illa
2301 1077 2371 1125 29·

161 1182 214 1221 10
244 1162 522 1227 taetrius
577 1162 799 1246 belua,
855 1162 1011 1245 quid
1066 1161 1461 1227 immanius?
1520 1161 1633 1246 qui
1690 1162 1774 1227 ob
1827 1184 1972 1226 eam
2020 1183 2284 1226 causam

240 1254 437 1315 natus
475 1250 750 1335 videtur,
783 1272 866 1315 ne
906 1250 1197 1314 omnium
1235 1250 1617 1315 mortalium
1655 1250 2079 1334 turpissimus
2109 1255 2284 1315 esset

239 1337 329 1403 M.
368 1338 716 1403 Antonius.
798 1337 924 1402 Est
966 1359 1102 1402 una
1137 1336 1527 1422 Trebellius,
1571 1338 1684 1421 qui
1729 1338 1863 1403 iam
1911 1360 2060 1404 cum
2099 1338 2284 1403 tabu-

240 1426 326 1491 lis
386 1427 573 1491 novis
629 1426 824 1491 rediit
878 1427 947 1490 in
1002 1426 1313 1511 gratiam,
1370 1426 1650 1491 Plancus
1706 1430 1774 1491 et
1830 1426 2031 1491 ceteri
2074 1448 2285 1511 paren,

243 1515 356 1599 qui
411 1514 478 1578 id
523 1518 849 1600 pugnant,
908 1514 1002 1594 [id
1049 1518 1256 1599 agunt
1265 1518 1309 1596 ,]
1369 1518 1444 1578 ut
1492 1518 1722 1579 contra
1766 1536 1906 1579 rem
1952 1514 2285 1598 publicam

161 1620 212 1662 1⁶
240 1603 538 1668 restituti
593 1624 735 1667 esse
791 1602 1149 1666 videantur.
1240 1602 1335 1667 Et
1390 1602 1753 1668 sollicitant
1807 1603 2107 1667 homines
2168 1603 2285 1667 im-

240 1690 492 1777 peritos
546 1689 717 1755 Saxa
763 1695 831 1755 et
877 1689 1067 1774 Cafo,
1112 1691 1240 1775 ipsi
1288 1691 1519 1755 rustici
1567 1694 1764 1775 atque
1812 1695 2124 1777 agrestes,
2172 1692 2284 1775 qui

239 1780 411 1844 hanc
466 1801 606 1844 rem
649 1778 983 1863 publicam
1026 1800 1148 1844 nec
1193 1779 1498 1844 viderunt
1542 1801 1854 1864 umquam
1899 1801 2019 1844 nec
2066 1779 2283 1844 videre

241 1867 676 1933 constitutam
714 1868 963 1950 volunt,
1011 1868 1124 1951 qui
1158 1888 1295 1931 non
1331 1865 1648 1952 Caesaris,
1694 1868 1807 1933 sed
1844 1865 2098 1932 Antoni
2137 1872 2287 1932 acta

242 1956 629 2039 defendunt,
677 1978 839 2039 quon
887 1957 1128 2021 avertit
1173 1956 1320 2042 agri
1364 1954 1684 2040 Campani
1728 1957 1989 2020 infinita
2032 1978 2285 2040 posses-

157 2066 215 2106 20
243 2047 372 2129 si03
427 2045 610 2110 cuius
666 2066 777 2110 eos
832 2067 965 2109 non
1019 2045 1259 2129 pudere
1316 2045 1635 2128 demiror,
1693 2067 1840 2110 cum
1894 2044 2159 2109 videant
2216 2066 2284 2109 se
2310 2097 2383 2160 11

243 2134 482 2198 mimos
538 2137 606 2198 et
663 2135 896 2198 mimas
943 2133 1183 2198 habere
1230 2133 1499 2198 vicinos
1589 2132 1696 2197 Ad
1740 2133 1861 2198 has
1907 2135 2127 2216 pestes
2175 2155 2285 2216 op·
2305 2187 2374 2236 23

241 2221 616 2305 primendas
656 2244 770 2286 cur
802 2223 1076 2286 moleste
1114 2221 1401 2286 feramus
1440 2221 1613 2306 quod
1648 2219 1736 2285 M.
1775 2220 1971 2287 Bruti
2009 2221 2285 2287 accessit

244 2310 613 2376 exercitus?
679 2311 1096 2391 inmoderati,
1153 2310 1375 2393 crede,
1428 2309 1717 2374 hominis
1750 2313 1846 2374 ·et
1891 2309 2287 2394 turbulenti3

244 2398 459 2462 videte
505 2419 588 2462 ne
632 2399 910 2463 nimium
955 2420 1158 2482 paene
1207 2397 1538 2481 patientie.
1621 2397 1774 2462 Etsi
1817 2397 1889 2462 in
1935 2398 2113 2463 illius
2161 2398 2285 2462 viri

159 2508 215 2548 τε
246 2486 538 2550 consiliis
613 2491 809 2570 atque
873 2486 1066 2550 factis
1129 2486 1297 2550 nihil
1362 2508 1481 2551 nec
1533 2487 1812 2551 nimium
1870 2506 1989 2551 nec
2052 2507 2287 2569 parum

243 2596 557 2658 umquam
602 2573 746 2638 fuit.
840 2572 1069 2639 Omnis
1116 2574 1421 2638 voluntas
1469 2573 1555 2637 M.
1603 2574 1823 2658 Bruti,
1869 2578 2093 2657 patres
2140 2596 2288 2639 con-

246 2662 497 2746 scripti,
544 2661 756 2727 omnis
804 2661 1141 2746 cogitati0,
1187 2665 1333 2726 tota
1379 2683 1562 2726 mens
1601 2663 2068 2727 auctoritatem
2106 2683 2287 2725 sena·

246 2756 383 2834 tus,
438 2750 816 2814 libertatem
868 2748 1097 2833 populi
1153 2748 1436 2814 Romani
1493 2751 1814 2833 intuetur3
1866 2749 2029 2813 haec
2083 2748 2288 2813 habet

245 2839 604 2923 proposita,
649 2838 810 2902 haec
856 2838 1027 2901 tueri
1071 2836 1232 2900 vult.
1316 2837 1708 2922 Temptavit,
1757 2838 1913 2921 quid
1958 2836 2287 2919 patientia

163 2949 220 2989 ao
245 2927 557 3011 perficere
613 2929 867 3010 posset3
919 2925 1087 2989 nihil
1143 2946 1291 2989 cum
1336 2926 1708 3008 proficeret,
1765 2927 1829 2989 vi
1877 2928 2107 2989 contra
2152 2925 2287 2989 vim

249 3015 715 3099 experiundum
760 3014 1038 3098 putavit.
1131 3011 1252 3079 Cui
1302 3014 1589 3097 quidem,
1644 3016 1865 3097 patres
1912 3013 2287 3098 conscripti,

247 3125 366 3167 vos
430 3103 602 3167 idem
663 3104 790 3167 hoc
845 3106 1140 3184 tempore
1198 3102 1488 3167 tribuere
1545 3102 1824 3183 debetis,
1886 3101 2058 3183 quod
2114 3123 2170 3166 a.
2226 3101 2285 3165 d.

249 3189 415 3254 XIII
463 3190 608 3255 Kal.
653 3191 789 3254 Ian.
837 3189 914 3254 D.
961 3189 1200 3272 Bruto,
1257 3189 1326 3254 C.
1375 3189 1639 3255 Caesari
1699 3211 1801 3254 me
1861 3193 2127 3254 auctore
2172 3191 2286 3254 tri-

249 3279 515 3361 buistis,
572 3301 848 3364 quorum
893 3279 1224 3361 privatum
1271 3278 1349 3342 de
1397 3300 1466 3342 re
1513 3278 1778 3361 publica
1824 3277 2171 3342 consilium
2218 3282 2286 3342 et

167 3382 219 3423 ³⁵
250 3366 499 3430 factum
573 3367 966 3431 auctoritate
1041 3369 1260 3430 vestra
1335 3369 1437 3430 est
1511 3367 2013 3450 comprobatum
2087 3370 2285 3449 atque

249 3454 605 3518 laudatum.
695 3452 882 3529 Quod
927 3454 1099 3518 idem
1144 3454 1215 3517 in
1259 3453 1347 3516 M.
1393 3453 1605 3519 Bruto
1652 3454 1864 3520 facere
1912 3454 2191 3538 debetis,
2248 3465 2373 3518 a24

251 3563 379 3626 quo
420 3542 824 3626 insperatum
862 3547 928 3606 et
967 3542 1379 3624 repentinum
1416 3542 1511 3606 rei
1548 3543 1848 3626 publicae
1885 3543 2285 3627 praesidium
