2550 3875
386 150 518 217 156
760 146 904 203 PRO
938 148 1000 202 L.
1041 145 1409 202 CORNELIO
1444 144 1684 200 BALBO
1724 142 1993 200 ORATIO

384 332 612 376 verum
647 311 726 374 ut
761 308 1056 375 omnium
1090 306 1570 390 malivolorum,
1615 304 2009 389 iniquorum,
2043 304 2409 369 invidorum

386 399 641 462 animos
686 396 1166 481 frangeremus3
1213 416 1377 478 quos
1414 398 1490 458 ut
1526 396 1869 459 accusator
1903 393 2288 473 incenderet,
2334 399 2407 457 ut

386 485 592 568 aliqui
655 505 987 549 sermones
1049 445 1392 547 hoininum
1450 482 1679 546 alienis
1732 480 1924 545 bonis
1979 443 2409 545 maerentium

385 573 590 638 etiam
636 572 720 637 ad
763 576 1016 636 vestras
1059 591 1248 634 aures
1285 572 1744 670 permanarent
1782 571 1849 635 et
1884 569 1956 631 in
1989 567 2281 633 iudicio
2263 590 2406 651 1pso

384 660 840 742 redundarent,
875 658 1118 724 ideirco
1143 658 1308 722 illa
1289 680 1361 722 m
1388 658 1567 722 omni
1592 660 1783 741 parte
1811 656 2127 721 orationis
2157 677 2409 720 summa
2466 677 2495 715 5

387 752 529 813 arte
568 747 830 833 aspergi
864 746 1207 829 videbatis,
1251 749 1397 809 tum
1430 746 1774 829 pecuniam
1809 742 1881 808 L.
1920 743 2199 828 Corneli,
2246 764 2409 827 quae

384 858 596 920 neque
651 835 973 899 invidiosa
1015 837 1120 900 est
1165 836 1258 917 et,
1314 837 1836 917 quantacumque
1882 835 2003 917 est,
2048 832 2187 897 01118
2233 832 2409 896 modi

387 928 506 1008 est,
549 927 628 988 ut
672 926 1058 987 conservata
1100 921 1313 1007 magis
1352 942 1549 1023 quam
1586 924 1884 1005 correpta
1920 942 2063 985 esse
2097 918 2409 1002 videatur,

387 1016 530 1076 tum
574 1010 920 1095 luxuriam,
970 1031 1135 1093 quae
1179 1031 1317 1074 non
1361 1009 1629 1073 crimine
1675 1009 1895 1092 aliquo
1941 1007 2251 1091 libidinis,
2296 972 2411 1072 sed

386 1099 716 1164 communi
752 1098 1101 1163 maledicto
1137 1097 1514 1180 notabatur,
1558 1101 1703 1161 tum
1738 1096 2194 1179 Tusculanum,
2237 1097 2412 1178 quod
2442 1118 2503 1157 10

389 1187 462 1263 Q.
517 1186 766 1251 Metelli
834 1185 1039 1252 fuisse
1102 1186 1491 1250 meminerat
1549 1188 1617 1249 et
1669 1182 1742 1249 L.
1798 1182 2046 1267 Crassi,
2102 1183 2415 1249 Crassum

387 1275 624 1339 emisse
671 1275 750 1339 de
794 1274 1106 1339 libertino
1151 1273 1443 1356 homine,
1496 1270 1791 1338 Soterico
1836 1271 2105 1355 Marcie,
2152 1272 2235 1336 ad
2277 1270 2415 1335 Me-

387 1362 619 1428 tellum
663 1362 1036 1446 pervenisse
1081 1361 1160 1425 de
1196 1360 1502 1425 Vennoni
1539 1360 1803 1425 Vindici
1842 1360 2033 1425 bonis
2068 1381 2205 1424 non
2238 1363 2419 1425 tene·

387 1451 521 1515 bat.
613 1448 823 1515 Simul
877 1449 1040 1514 illud
1091 1449 1457 1530 nesciebat,
1513 1448 1930 1532 praediorum
1973 1447 2223 1512 nullam
2268 1468 2417 1512 esse

387 1540 682 1623 gentem,
740 1537 1178 1620 emptionibus
1235 1559 1314 1601 ea
1366 1536 1575 1601 solere
1630 1558 1825 1620 saepe
1880 1536 1962 1600 ad
2009 1535 2253 1599 alienos
2278 1536 2417 1601 'ho-
2448 1556 2504 1598 15

386 1626 612 1709 11111108,
661 1646 852 1710 saepe
889 1626 972 1689 ad
1005 1625 1287 1707 infimos,
1330 1647 1466 1689 non
1499 1624 1757 1709 legibus
1796 1628 2131 1706 tamquam
2168 1624 2417 1688 tutelas

299 1722 366 1771 57
386 1713 743 1796 pervenire.
808 1711 1156 1778 Obiectum
1192 1715 1296 1777 est
1328 1713 1545 1796 etiam,
1582 1712 1800 1795 quod
1780 1734 1852 1775 111
1879 1711 2127 1775 tribum
2155 1710 2421 1777 Clustu-

386 1801 634 1866 minam
694 1801 1087 1885 pervenerit3
1155 1801 1327 1883 quod
1388 1799 1499 1865 hic
1552 1800 1899 1865 adsecutus
1955 1805 2057 1865 est
2109 1798 2279 1883 legis
2334 1801 2419 1863 de

387 1888 640 1954 ambitu
703 1888 994 1973 praemio
1060 1888 1274 1954 minus
1339 1888 1690 1972 invidioso,
1755 1909 1951 1973 quam
2014 1887 2126 1971 qui
2189 1888 2421 1973 legum

385 1977 694 2062 praemiis
738 1977 1140 2061 praetoriam
1183 1977 1579 2042 sententiam
1625 1980 1694 2040 et
1736 1979 2146 2061 praetextam
2186 1980 2422 2062 togam
2451 2001 2511 2040 20

388 2069 836 2132 consecuntur.
916 2064 1009 2129 Et
1045 2064 1385 2148 adoptatio
1420 2064 1804 2148 Theophani
1841 2065 2098 2148 agitata
2130 2067 2251 2147 est,
2296 2086 2425 2147 per

389 2173 586 2235 quam
632 2151 972 2217 Cornelius
1031 2152 1199 2217 nihil
1245 2157 1349 2217 est
1391 2156 1852 2237 praeterquam
1894 2152 2425 2236 propinquorum

389 2262 657 2305 suorum
700 2240 1097 2306 hereditates
1144 2242 1507 2306 adsecutus,

281 2335 368 2401 26
524 2328 934 2412 Quamquam
975 2329 1258 2392 istorum
1305 2329 1583 2412 animos,
1636 2327 1749 2411 qui
1792 2327 1923 2413 ipsi
1969 2326 2273 2394 Cornelio
2320 2329 2425 2392 in-

386 2415 628 2499 vident,
671 2437 806 2480 non
841 2420 944 2480 est
980 2416 1442 2481 difficillimum
1478 2417 1811 2501 mitigare3
1854 2437 2035 2480 more
2070 2415 2423 2480 hominum
2455 2440 2517 2480 25

387 2503 698 2586 invident,
743 2504 814 2568 in
839 2503 1169 2569 conviviis
1206 2505 1465 2587 rodunt,
1509 2505 1581 2568 in
1618 2504 1875 2568 circulis
1912 2504 2235 2588 vellicant,
2280 2526 2428 2568 non

298 2601 367 2652 58
388 2591 504 2655 illo
588 2591 884 2675 inimic0,
967 2594 1080 2657 sed
1150 2592 1276 2657 hoe
1350 2593 1525 2657 malo
1607 2593 1797 2658 dente
1872 2594 2163 2676 carpunt.
2287 2591 2427 2668 Qui

387 2679 616 2743 amicis
679 2677 753 2743 L.
809 2678 1072 2745 Corneli
1130 2684 1246 2744 aut
1301 2680 1550 2745 inimici
1604 2684 1760 2744 sunt
1814 2684 1929 2744 aut
1980 2680 2303 2761 invident,
2371 2681 2429 2744 ii

385 2771 542 2832 sunt
610 2766 766 2832 huic
827 2767 1038 2832 multo
1102 2767 1551 2832 vehementius
1613 2767 2130 2852 pertimescendi.
2237 2766 2426 2832 Nam

384 2855 538 2920 huic
588 2856 850 2956 quidem
894 2855 1024 2940 ipsi
1070 2855 1216 2939 quis
1263 2860 1367 2920 est
1412 2877 1722 2939 umquam
1766 2856 2069 2920 inventus
2110 2855 2428 2920 inimicus
2462 2880 2533 2919 so·

387 2946 502 3007 aut
563 2942 708 3026 quis
753 2944 894 3007 iure
941 2964 1082 3007 esse
1127 2944 1392 3027 potuit?
1467 2943 1678 3020 Quem
1720 2942 1970 3008 bonum
2013 2965 2147 3008 non
2192 2943 2431 3027 coluit,

387 3031 570 3096 cuius
624 3029 926 3095 fortunae
987 3031 1425 3116 dignitatique
1477 3053 1614 3096 non
1657 3031 2025 3096 concessit?
2092 3030 2431 3096 Versatus

384 3117 458 3182 in
502 3118 738 3182 intima
781 3117 1233 3183 familiaritate
1277 3119 1565 3184 hominis
1610 3118 2057 3203 potentissimi
2100 3119 2172 3183 in
2214 3120 2435 3184 maxi-

388 3205 514 3270 mis
570 3205 817 3270 nostris
864 3207 1055 3271 malis
1103 3210 1299 3290 atque
1347 3207 1687 3272 discordiis
1730 3207 2059 3272 neminem
2102 3228 2437 3290 umquam

387 3291 657 3356 alterius
721 3293 998 3357 rationis
1061 3315 1138 3358 ac
1199 3294 1410 3378 partis
1462 3317 1597 3360 non
1648 3316 1744 3379 re,
1806 3317 1942 3360 11011
1993 3294 2222 3379 verbo,
2284 3317 2437 3360 non
2466 3319 2531 3360 35

385 3379 573 3454 vultu
619 3380 905 3463 denique,
942 3380 1230 3445 offendit.
1320 3381 1479 3447 Fuit
1521 3383 1650 3448 hoc
1694 3383 1829 3448 sive
1875 3405 2093 3447 meum
2138 3383 2278 3446 sive
2328 3385 2439 3448 rei

385 3467 684 3549 publicae
729 3467 968 3553 fatum,
1023 3473 1100 3533 ut
1143 3469 1215 3533 in
1258 3491 1364 3534 me
1409 3493 1612 3535 unum
1659 3471 1871 3536 omnis
1914 3471 2033 3534 illa
2074 3470 2441 3536 inclinatio
