2550 3875
808 145 963 201 cAP.
1000 151 1211 200 21—23
1249 151 1279 211 s
1317 150 1545 201 50—55.
2057 144 2186 208 183

158 304 429 390 quando
466 305 727 390 quidem
767 306 1009 372 amisso
1047 306 1335 372 exercitu
1360 307 1526 372 nihil
1563 308 1886 373 incolume
1926 307 2190 372 domum

166 396 429 477 praeter
465 415 539 458 os
567 393 732 458 illud
758 398 947 458 tuum
973 387 1326 494 pristinum
1354 396 1700 460 rettulisti.
1749 396 1876 473 Qui
1903 395 2188 495 primum
2273 414 2281 423 “

169 503 301 564 qua
352 481 607 546 veneris
662 504 811 546 cum
859 482 1171 548 laureatis
1218 482 1352 546 tuis
1397 482 1768 566 lictoribus,
1825 483 1970 567 quis
2018 483 2187 547 scit‘?
2258 495 2274 539 ἑ

174 569 349 645 Quos
380 573 456 634 tu
482 567 888 654 Maeandros,
927 570 1081 635 dum
1109 570 1321 636 omnis
1351 571 1733 636 solitudines
1762 570 2188 655 persequeris,

124 673 149 714 ⁶
177 679 335 740 quae
375 657 769 724 deverticula
803 659 1241 742 flexionesque
1281 659 1637 760 quaesisti?
1676 658 1849 742 quod
1885 664 1952 723 te
1983 658 2190 722 muni-
2295 691 2300 696 ·

174 746 415 829 cipium
435 745 617 830 vidit,
647 747 792 829 quis
813 747 1063 812 amicus
1078 746 1384 810 invitavit
1384 747 1568 830 ,quis
1587 746 1828 831 hospes
1849 747 2188 830 adspexit?

170 831 405 898 Nonne
451 833 577 898 tibi
620 856 753 900 nox
798 838 940 899 erat
982 856 1102 918 pro
1150 834 1271 918 die,
1319 835 1603 899 solitudo
1645 857 1765 919 pro
1802 835 2188 918 frequentia,

172 943 465 1005 caupona
494 944 612 1007 pro
640 922 898 1007 oppido,
932 944 1067 987 non
1092 927 1169 987 ut
1196 923 1404 988 redire
1433 945 1512 987 ex
1537 921 1920 988 Macedonia
1945 923 2188 988 nobilis

93 1115 145 1156 ,ο
168 1009 1496 1182 ffiffifflersselpssffmmssrffissffiffl
1531 1010 1773 1165 ἓξὲξ
1781 1011 2188 1182 οῗῇῗῖἔῗξῖ
2206 1098 2295 1163 23

168 1185 283 1249 sed
310 1184 704 1270 Calventiae,
738 1208 949 1271 neque
985 1187 1179 1252 huius
1210 1187 1412 1271 urbis,
1449 1188 1562 1252 sed
1589 1187 1955 1253 Placentini
1983 1149 2189 1251 ιιιιιιιι,

170 1273 343 1358 cipii,
388 1295 597 1358 neque
642 1275 900 1358 paterni
946 1275 1221 1361 generis,
1266 1276 1380 1340 sed
1425 1276 1728 1340 bracatae
1777 1275 2188 1360 cognationis

168 1362 474 1427 dedecus!
523 1383 715 1445 quem
756 1363 837 1426 ad
874 1363 1195 1428 modum
1176 1384 1511 1449 mgressus
1550 1365 1663 1428 es?
1711 1364 1856 1447 quis
1895 1363 2019 1428 tibi
2054 1385 2190 1428 non

167 1450 381 1514 dicam
424 1449 661 1514 horum
706 1454 821 1514 aut
863 1450 1101 1516 civium
1139 1455 1521 1535 ceterorum,
1567 1452 1680 1516 sed
1716 1456 1979 1517 tuorum
2015 1451 2188 1536 lega-

90 1553 139 1594 15
166 1541 388 1602 torum
442 1538 702 1603 obviam
755 1539 978 1603 venit?
1065 1537 1324 1604 Mecum
1378 1540 1550 1604 enim
1603 1539 1677 1604 L.
1727 1539 2028 1623 Flaccus,
2082 1539 2185 1603 vir
2203 1549 2273 1599 54

165 1630 285 1690 tua
326 1626 655 1711 legatione
702 1627 1195 1712 indignissimus
1243 1631 1437 1728 atque
1474 1628 1556 1692 iis
1594 1628 1902 1711 consiliis,
1950 1627 2186 1710 quibus

163 1735 421 1778 mecum
475 1714 545 1777 in
601 1715 943 1782 consulatu
996 1737 1141 1780 meo
1199 1715 1580 1780 coniunctus
1636 1715 1764 1780 fuit
1809 1716 1891 1780 ad
1935 1736 2188 1780 conser-

165 1802 444 1866 vandam
482 1825 621 1866 rem
660 1803 1009 1888 publicam,
1055 1804 1333 1888 dignior,
1377 1826 1633 1869 mecum
1668 1803 1796 1868 fuit
1833 1808 1992 1886 tum,
2041 1825 2188 1868 cum
2303 1836 2312 1846 =

166 1894 233 1955 te
280 1890 545 1975 quidam
591 1913 725 1957 non
758 1891 953 1977 longe
992 1913 1031 1956 a
1065 1897 1259 1977 porta
1297 1914 1445 1957 cum
1480 1892 1824 1958 lictoribus
1863 1895 2187 1957 errantem

90 1996 142 2035 20
167 1980 383 2044 visum
419 2001 559 2044 esse
594 1984 917 2066 narraret3
954 1981 1089 2046 scio
1126 1981 1288 2045 item
1324 1981 1535 2045 virum
1570 1981 1811 2045 fortem
1841 1981 1913 2045 in
1937 1980 2187 2064 primiS,

164 2067 326 2131 belli
356 2088 432 2133 ac
461 2068 554 2133 rei
584 2068 887 2133 militaris
914 2069 1215 2152 peritum,
1241 2069 1631 2134 familiarem
1658 2091 1892 2152 meum,
1923 2069 1998 2145 Q.
2017 2067 2186 2131 Mar-

166 2156 358 2237 cium,
398 2178 672 2239 quorum
708 2160 784 2221 tu
819 2156 1190 2241 legatorum
1227 2179 1428 2240 opera
1453 2158 1525 2221 in
1549 2158 1799 2241 proelio
1827 2158 2186 2240 imperator

166 2207 533 2327 appellatus
580 2266 741 2327 eras,
792 2267 941 2310 cum
984 2244 1179 2331 longe
1228 2246 1522 2329 afuisses,
1567 2247 1846 2311 adventu
1890 2246 2021 2309 isto
2068 2248 2184 2309 tuo

163 2331 342 2397 domi
386 2331 587 2397 fuisse
635 2333 936 2399 otiosum.
1021 2331 1148 2397 Sed
1186 2334 1340 2417 quid
1377 2354 1500 2419 ego
1539 2355 1861 2417 enumero,
1908 2334 2020 2417 qui
2056 2332 2186 2397 tibi
2201 2338 2318 2409 (55)

88 2434 137 2477 25
165 2420 430 2485 obviam
454 2442 588 2485 non
614 2421 954 2486 venerint?
989 2421 1146 2505 quin
1174 2422 1319 2486 dico
1348 2422 1600 2487 venisse
1627 2444 1830 2506 paene
1856 2422 2184 2486 neminem
2204 2431 2270 2482 55

160 2530 242 2573 ne
282 2507 360 2573 de
398 2507 877 2574 officiosissima
914 2509 1175 2593 quidem
1206 2510 1470 2574 natione
1500 2510 2006 2593 candidatorum,
2034 2531 2182 2575 cum

159 2596 363 2681 vulgo
402 2601 620 2661 essent
657 2600 723 2661 et
759 2596 926 2662 illo
908 2618 1052 2681 1pso
1082 2602 1149 2662 et
1175 2598 1401 2662 multis
1432 2602 1580 2662 ante
1609 2598 1836 2663 diebus
1866 2598 2184 2663 admoniti

161 2687 228 2748 et
257 2684 520 2769 rogati?
557 2684 845 2769 Togulae
866 2685 1209 2750 lictoribus
1232 2686 1314 2750 ad
1331 2689 1590 2769 portam
1608 2690 1870 2769 praesto
1890 2686 2183 2771 fuerunt3

162 2772 401 2855 quibus
446 2772 545 2837 illi
592 2773 876 2856 acceptis
923 2774 1155 2859 sagula
1194 2773 1575 2857 reiecerunt,
1622 2778 1947 2839 catervam
1983 2775 2183 2856 impe-

84 2876 135 2919 30
161 2860 371 2925 ratori
398 2881 515 2925 suo
543 2882 781 2926 novam
808 2862 1264 2944 praebuerunt.
1323 2860 1431 2927 Sic
1460 2862 1584 2928 iste
1613 2884 1652 2926 a
1678 2866 1865 2927 tanto
1895 2861 2182 2926 exercitu

158 2951 385 3013 tantae
420 2948 791 3031 provinciae
828 2950 1109 3015 triennio
1145 2953 1299 3033 post
1335 2949 1790 3016 Macedonicus
1829 2951 2184 3033 imperator

159 3036 227 3099 in
265 3036 500 3101 urbem
528 3056 595 3101 se
624 3036 867 3120 intulit,
903 3040 978 3102 ut
1003 3037 1247 3103 nullius
1274 3038 1706 3124 negotiatoris
1738 3035 2184 3103 obscurissimi

162 3124 411 3189 reditus
468 3146 779 3210 umquam
826 3125 1027 3190 fuerit
1072 3126 1407 3191 desertior.
1497 3124 1578 3191 In
1625 3148 1752 3209 quo
1797 3147 1902 3190 me
1947 3129 2184 3207 tamen,

162 3212 273 3295 qui
304 3215 481 3277 esset
505 3216 773 3296 paratus
804 3213 884 3277 ad
910 3235 981 3279 se
1010 3214 1498 3297 defendendum,
1533 3212 1962 3297 reprehendit.
2019 3210 2185 3277 Cum

88 3315 135 3355 ³5
159 3321 281 3386 ego
314 3302 521 3382 [eum]
544 3299 1034 3369 Caelimontana
1056 3305 1298 3386 [porta]
1319 3301 1624 3367 introisse
1643 3301 1968 3383 dixissem,
1998 3321 2186 3383 spon·

160 3389 340 3453 sione
370 3408 494 3472 me,
532 3389 603 3455 ni
630 3388 977 3475 Esquilina
1002 3390 1360 3474 introisset,
1393 3390 1591 3454 homo
1619 3392 1960 3472 promptus
1987 3389 2185 3451 laces-

158 3476 341 3561 sivit3
386 3477 575 3561 quasi
611 3499 764 3551 vero
802 3478 870 3543 id
908 3482 1021 3543 aut
1048 3498 1169 3564 ego
1200 3478 1366 3543 scire
1395 3476 1728 3542 debuerim
1755 3480 1870 3541 aut
1896 3479 2187 3541 vestrum
