2550 3875
374 130 418 194 8
966 124 1110 180 PRO
1146 126 1209 182 P.
1250 125 1495 181 SESTIO
1533 124 1824 183 ORATIO.

376 290 591 376 ignari
638 310 857 353 rerum
902 287 1370 371 loquebantur,
1423 309 1494 353 re
1542 288 1804 372 quidem
1849 309 2003 352 vera
2047 288 2118 352 in
2163 288 2422 355 univer·

378 399 519 441 sam
583 397 722 440 rem
776 375 1109 459 publicam
1164 376 1575 440 traductione
1631 376 1713 439 ad
1765 375 2024 460 plebem
2077 374 2421 442 furibundi

374 464 663 530 hominis
712 485 787 528 ac
833 464 1101 547 perditi,
1156 464 1321 528 mihi
1365 464 1548 548 irati,
1603 464 1716 527 sed
1762 464 1971 528 multo
2017 463 2234 527 acrius
2295 464 2420 529 otii

377 557 445 617 et
509 551 875 617 communis
940 551 1179 617 salutis
1241 551 1508 616 inimici.
1597 550 1791 617 Hunc
1844 551 1946 615 vir
2009 551 2419 618 clarissimus

377 640 668 724 mihique
713 639 943 704 multis
988 640 1508 725 repugnantibus
1561 639 2012 723 amicissimae,
2059 638 2177 704 Cn.
2221 638 2418 703 Pom·
2461 654 2487 703 ⁵

377 728 563 812 peius
575 779 593 812 ,
640 728 819 793 omni
864 727 1193 810 cautione,
1247 727 1533 811 foedere,
1580 728 1987 793 execratione
2032 726 2419 792 devinxerat

375 816 545 879 nihil
600 816 671 880 in
722 816 1068 880 tribunatu
1124 819 1355 880 contra
1415 836 1519 879 me
1579 836 1721 881 esse
1784 814 2129 880 facturum.
2225 814 2417 891 Quod

377 903 490 968 ille
552 903 841 969 nefarius
906 924 987 969 ex
1050 903 1344 969 omnium
1408 904 1725 969 scelerum
1788 903 2151 969 colluvione
2214 908 2416 967 natus

376 1013 610 1076 parum
647 1013 716 1055 se
761 990 993 1055 foedus
1028 991 1427 1056 violaturum
1464 992 1825 1056 arbitratus
1869 996 1974 1075 est,
2015 990 2148 1054 nisi
2193 990 2415 1075 ipsum

378 1083 716 1145 cautorem
779 1078 975 1143 alieni
1030 1079 1304 1163 periculi
1369 1078 1504 1145 suis
1568 1079 1850 1163 propriis
1914 1078 2222 1162 periculis
2291 1084 2484 1143 ter-10

294 1180 358 1230 16
378 1169 636 1233 ruisset.
726 1166 916 1231 Hanc
961 1170 1244 1231 taetram
1289 1167 1768 1267 immanemque
1813 1167 2074 1231 beluam
2118 1167 2413 1232 vinctam

378 1255 709 1340 auspiciis,
746 1255 1090 1340 alligatam
1126 1276 1307 1319 more
1346 1255 1685 1339 maiorum,
1726 1256 2151 1320 constrictam
2187 1255 2414 1341 legum

378 1348 784 1410 sacratarum
840 1343 1087 1407 catenis
1143 1342 1342 1408 solvit
1397 1344 1616 1408 subito
1669 1344 1815 1428 1636
1871 1343 2122 1408 curiata
2183 1344 2412 1408 60118111

376 1433 500 1515 vel,
543 1436 621 1496 ut
658 1452 781 1517 ego
830 1431 1134 1515 arbitror,
1180 1434 1484 1495 exoratus
1530 1432 1652 1514 vel,
1696 1436 1774 1495 ut
1807 1452 1942 1496 non
1983 1453 2178 1497 nemo
2225 1436 2413 1515 puta-

376 1521 521 1604 bat,
575 1519 740 1584 mihi
784 1519 1022 1603 1181118,
1082 1519 1350 1605 ignarus
1407 1519 1668 1602 quidem
1715 1523 1888 1584 certe
1936 1523 2003 1582 et
2054 1519 2410 1604 inprudens
2436 1537 2479 1578 15

377 1608 870 1691 inpendentium
934 1610 1274 1671 tantorum
1339 1608 1655 1671 scelerum
1715 1610 1782 1671 et
1847 1607 2188 1671 malorum.
2285 1606 2410 1683 Qui

378 1695 683 1760 tribunus
737 1696 826 1779 pl.
879 1694 1037 1759 felix
1090 1694 1161 1759 in
1214 1695 1562 1759 evertenda
1605 1716 1674 1759 re
1719 1695 1984 1779 publica
2035 1694 2168 1759 fuit
2211 1696 2411 1759 nullis

378 1782 517 1848 suis
571 1783 788 1847 nervis
855 1780 997 1868 (qui
1054 1783 1228 1846 enim
1281 1783 1352 1846 in
1415 1782 1552 1847 eius
1607 1783 1785 1848 modi
1829 1783 1967 1847 vita
2018 1783 2206 1847 nervi
2273 1804 2412 1847 esse
2512 1824 2513 1831 1

377 1873 737 1956 potuerunt
778 1870 1065 1936 hominis
1118 1871 1428 1935 fraternis
1473 1870 1774 1972 flagitiis,
1829 1870 2096 1936 sororiis
2143 1871 2412 1955 stupris,

295 1972 358 2022 17
376 1960 559 2038 omni
604 1959 900 2023 inaudita
950 1959 1221 2025 libidine
1267 1960 1615 2045 exsanguis
1626 1957 1718 2045 ?);
1773 1961 1887 2025 sed
1928 1958 2059 2023 fuit
2109 1959 2410 2042 profecto
2436 1979 2478 2018 a

380 2047 699 2131 quaedam
744 2047 861 2110 illa
905 2047 1002 2111 rei
1046 2047 1344 2130 publicae
1389 2047 1658 2112 fortuna
1699 2009 1950 2131 fatalis,
1993 2050 2070 2110 ut
2113 2047 2230 2111 ille
2279 2068 2413 2111 cae-

380 2157 495 2201 cus
550 2139 748 2219 atque
805 2156 1027 2199 amens
1082 2135 1384 2199 tribunus
1437 2135 1526 2220 pl.
1579 2135 2062 2200 nancisceretur
2113 2170 2191 2180 —
2257 2135 2414 2218 quid

380 2223 637 2288 dicam?
702 2223 1046 2288 consules?
1134 2222 1388 2288 Hocine
1452 2227 1529 2287 ut
1584 2244 1707 2309 ego
1760 2223 2022 2287 nomine
2086 2224 2414 2307 appellem

380 2332 711 2377 eversores
756 2310 951 2375 huius
998 2310 1288 2394 imperii,
1331 2311 1699 2395 proditores
1745 2314 1999 2375 vestrae
2044 2310 2412 2396 dignitatis,

378 2399 605 2463 hostes
652 2399 973 2463 bonorum
1020 2399 1339 2482 omnium,
1399 2400 1512 2483 qui
1557 2400 1640 2463 ad
1693 2399 2036 2463 delendum
2091 2403 2412 2482 senatum,
2435 2415 2477 2457 2⁵

380 2486 818 2572 adfligendum
883 2490 1254 2570 equestrem
1309 2487 1627 2571 ordinem,
1693 2487 2132 2572 extinguenda
2193 2487 2414 2551 omnia

379 2575 523 2639 iura
561 2578 756 2658 atque
801 2574 1113 2639 instituta
1150 2575 1474 2639 maiorum
1520 2596 1589 2641 se
1635 2575 1768 2639 illis
1813 2575 2103 2640 fascibus
2149 2575 2412 2640 ceteris-

380 2683 504 2747 que
550 2662 919 2748 insignibus
975 2663 1214 2727 summi
1258 2662 1526 2728 honoris
1582 2667 1779 2747 atque
1824 2662 2086 2746 imperii
2141 2667 2410 2727 ornatos
2512 2705 2513 2712 1

378 2771 521 2816 esse
578 2751 1112 2815 arbitrabantur?
1205 2748 1524 2835 Quorum,
1582 2773 1702 2836 per
1757 2751 1911 2815 deos
1975 2751 2411 2814 immortales!

377 2839 436 2902 si
506 2839 796 2903 nondum
869 2840 1117 2904 scelera
1182 2839 1578 2922 vulneraque
1650 2839 1873 2903 inusta
1944 2838 2040 2903 rei
2108 2839 2412 2940 publicae
2435 2855 2478 2896 ω

376 2927 580 2991 vultis
643 2927 997 3011 recordari,
1061 2927 1321 2992 vultum
1375 2930 1572 3010 atque
1631 2926 1958 2992 incessum
2019 2925 2258 2990 animis
2323 2927 2413 2991 in-

377 3015 689 3098 tuemini3
763 3014 1020 3079 facilius
1104 3036 1330 3079 eorum
1410 3014 1588 3079 facta
1669 3018 2013 3080 occurrent
2083 3014 2412 3079 mentibus

377 3103 645 3186 vestriS,
707 3102 766 3166 si
826 3124 942 3167 ora
994 3102 1139 3186 ipsa
1204 3102 1410 3168 0611118
1464 3102 1958 3187 proposueritis.
2047 3101 2242 3167 Alter
2303 3125 2415 3166 un-

378 3190 641 3274 guentis
698 3189 998 3274 affluens,
1070 3190 1520 3255 calamistrata
1574 3212 1784 3275 coma,
1848 3189 2214 3274 despiciens
2269 3212 2413 3256 con-

344 3277 549 3345 86108
606 3281 984 3360 stuprorum
1038 3299 1113 3344 ac
1158 3282 1414 3343 veteres
1460 3283 1799 3344 vexatores
1857 3278 2184 3344 aetatulae
2243 3300 2411 3360 suae,
2435 3291 2475 3334 ³⁶

377 3364 625 3445 puteali
688 3368 757 3428 et
800 3364 1316 3430 faeneratorum
1351 3367 1662 3452 gregibus
1708 3366 2008 3450 inflatus,
2070 3387 2112 3429 a
2175 3367 2413 3449 quibus

378 3450 729 3534 conpulsus
777 3452 964 3534 olim,
1017 3475 1099 3517 ne
1145 3454 1217 3517 in
1264 3452 1562 3532 Scyllaeo
1618 3455 1734 3520 illo
1781 3454 1952 3520 aeris
1999 3453 2196 3518 alieni
2255 3457 2415 3518 tam·

307 3067 347 3132 8

290 3157 357 3205 18
