2550 3875
357 155 494 221 526
622 156 701 210 IN
741 156 817 211 M.
855 155 1250 211 ANTONIUM
1290 154 1559 211 ORATIO
1596 154 2011 211 PHILIPPICA
2048 156 2175 210 ΧΠ.

359 319 801 402 excluserunt,
849 318 1014 383 alios
1063 318 1393 383 eiecerunt
1438 318 1677 383 missos
1725 318 1805 382 ab
1854 317 2171 401 Antonin,
2216 340 2397 401 pecu·

358 406 497 490 nia,
545 406 868 471 militibus
914 411 1007 489 et,
1055 407 1226 490 quod
1273 407 1556 471 maxime
1601 406 1842 488 deerat,
1888 407 2089 471 armis
2136 411 2398 471 nostros

257 542 259 544 .
359 494 554 559 duces
593 494 996 559 adiuverunt.
1067 492 1395 560 Fecerunt
1430 495 1605 559 idem
1641 495 1894 578 reliqui,
1932 495 2044 577 qui
2073 495 2399 577 quondam

359 582 429 645 in
485 582 710 647 eadem
766 604 961 647 causa
1007 586 1196 647 erant
1241 587 1310 647 et
1354 588 1627 667 propter
1672 583 2033 647 multorum
2080 605 2400 647 annorum

358 670 632 735 iniurias
695 670 963 735 alienati
1029 693 1069 735 a
1123 674 1357 735 senatu
1410 672 1843 755 putabantur3
1912 692 2075 755 quos
2132 671 2401 735 minime
2446 696 2467 733 s

357 758 598 823 mirum
664 764 766 823 est
835 759 1317 824 communicata
1380 781 1527 824 cum
1596 758 1679 823 iis
1743 780 1813 823 re
1866 759 2137 843 publica
2190 758 2401 823 fidelis

359 867 520 930 esse,
560 846 672 930 qui
711 847 912 911 etiam
951 851 1248 930 expertes
1290 848 1429 912 eius
1467 848 1663 911 fidem
1703 868 1889 911 suam
1926 868 2187 930 semper
2223 869 2403 931 prae-

296 934 338 997 5
360 934 692 999 stiterunt.
782 934 908 999 His
964 935 1172 1021 igitur
1229 936 1533 1000 omnibus
1588 935 1933 1000 victoriam
1980 937 2403 1019 sperantibus

357 1024 538 1106 pacis
576 1045 815 1089 nomen
842 1022 1226 1107 adferemuS,
1261 1024 1331 1088 id
1358 1029 1463 1088 est
1491 1023 2010 1108 desperationem
2037 1024 2403 1088 victoriae?

251 1089 352 1177 (5)
491 1109 686 1194 Quid,
741 1112 799 1177 si
853 1133 934 1175 ne
989 1116 1211 1196 potest
1266 1112 1528 1195 quidem
1582 1112 1721 1176 ulla
1764 1133 1905 1177 esse
1950 1112 2125 1195 pax?
2222 1110 2403 1187 Quae
2429 1133 2473 1170 1⁰
2537 1138 2538 1167 ι

269 1184 331 1231 ¹¹
358 1200 533 1264 enim
590 1204 693 1265 est
750 1199 1042 1265 condicio
1099 1200 1310 1283 pacis,
1364 1200 1435 1265 in
1482 1221 1611 1284 qua
1657 1200 1743 1285 ei,
1798 1222 1946 1265 cum
1993 1220 2121 1284 quo
2170 1222 2405 1284 pacem

356 1286 579 1372 facias,
623 1288 790 1352 nihil
839 1288 1104 1352 concedi
1147 1288 1413 1373 potest?
1487 1287 1718 1353 Multis
1756 1289 1952 1352 rebus
1990 1309 2029 1351 a
2065 1288 2265 1353 nobis
2306 1295 2406 1353 est
2537 1300 2538 1335 ³

356 1376 673 1441 invitatus
729 1377 811 1440 ad
864 1398 1092 1461 pacem
1146 1376 1503 1461 AntoniUS,
1563 1377 1811 1441 bellum
1864 1379 2088 1441 tamen
2144 1378 2403 1441 maluit.

354 1462 544 1528 Missi
591 1464 796 1549 legati
841 1470 1250 1549 repugnante
1298 1486 1428 1548 me,
1484 1465 1598 1529 sed
1642 1469 1865 1529 tamen
1909 1464 2124 1548 missi,
2182 1466 2405 1529 delata

356 1552 690 1636 mandata3
743 1574 877 1617 non
930 1552 1169 1636 paruit.
1259 1551 1739 1617 Denuntiatum
1793 1556 1920 1634 est,
1975 1574 2056 1616 ne
2110 1552 2403 1620 Brutum
2430 1572 2474 1612 1⁵

356 1640 703 1723 obsideret,
741 1663 780 1704 a
810 1639 1070 1705 Mutina
1105 1640 1493 1725 discederet3
1530 1641 1936 1725 oppugnavit
1973 1641 2179 1705 etiam
2217 1643 2405 1707 vehe-

355 1728 658 1793 mentius,
749 1728 840 1792 Et
894 1730 975 1793 ad
1027 1751 1176 1793 eum
1220 1729 1479 1813 legatos
1527 1729 1605 1793 de
1651 1748 1811 1813 pace
1856 1729 2203 1793 mittemus
2214 1782 2232 1813 ,
2291 1732 2405 1814 qui

355 1816 536 1898 pacis
609 1817 878 1881 nuntios
953 1817 1365 1900 repudiavit?
1474 1816 2108 1883 Verecundioremne
2176 1840 2403 1883 coram
2537 1890 2538 1897 ἵ

355 1908 662 1988 putamus
717 1904 788 1969 in
842 1906 1236 1990 postulando
1292 1904 1461 1989 fore,
1518 1927 1715 1990 quam
1767 1904 1969 1970 fuerit
2018 1908 2193 1990 tum,
2251 1928 2405 1972 eum
2537 1900 2538 1909 ’

354 1993 539 2058 misit
594 1994 906 2058 mandata
958 1994 1039 2058 ad
1094 1994 1441 2058 senatum?
1534 1994 1740 2078 Atqui
1793 1999 1937 2058 tum
1984 2016 2061 2059 ea
2105 1996 2403 2080 petebat,
2430 2016 2477 2054 20

355 2103 520 2164 quae
575 2083 966 2147 videbantur
1019 2083 1323 2165 improba
1378 2082 1669 2164 omnine,
1725 2082 1837 2148 sed
1894 2087 2119 2147 tamen
2172 2083 2402 2185 aliquo

354 2169 548 2233 modo
604 2191 796 2253 posse
846 2170 1138 2254 concedi3
1192 2171 1480 2236 nondum
1527 2133 1669 2236 erat²
1714 2171 1952 2234 vestris
1998 2175 2137 2234 tam
2186 2173 2403 2256 gravi-

353 2257 478 2320 bus
544 2261 810 2340 tamque
875 2258 1102 2322 multis
1165 2259 1425 2324 iudiciis
1490 2259 2001 2344 ignominiisque
2066 2260 2401 2362 concisus3

354 2365 526 2408 nunc
574 2366 650 2409 ea
693 2345 891 2428 petit,
947 2367 1112 2429 quae
1158 2347 1313 2411 dare
1359 2346 1541 2411 nullo
1589 2347 1785 2412 modo
1830 2367 2211 2431 possumus,
2262 2348 2401 2412 nisi

269 2453 332 2500 12
352 2431 536 2515 prius
610 2396 910 2498 volumu's
983 2434 1158 2498 bello
1223 2456 1343 2499 nos
1408 2435 1619 2500 victos
1683 2435 1998 2500 confiteri.
2111 2433 2397 2500 Senatus
2426 2459 2473 2498 ἢ

355 2522 656 2586 consulta
699 2520 868 2584 falsa
913 2521 1129 2586 delata
1174 2524 1256 2587 ab
1306 2544 1382 2587 eo
1430 2522 1886 2607 iudicavimus3
1928 2545 2090 2588 num
2126 2546 2207 2588 ea
2243 2545 2400 2588 vera

351 2630 700 2710 possumus
739 2609 1070 2675 iudicare?
1127 2609 1337 2696 Leges
1377 2611 1729 2676 statuimus
1757 2633 1877 2695 per
1902 2612 2037 2676 vim
2065 2617 2134 2675 et
2160 2617 2399 2677 contra

353 2697 646 2781 auspicia
689 2698 858 2762 latas
905 2698 1116 2782 iisque
1159 2721 1278 2764 nec
1324 2700 1639 2784 populum
1684 2721 1805 2764 nec
1848 2700 2111 2783 plebem
2155 2702 2399 2786 teneri3

351 2807 510 2850 num
557 2807 666 2850 eas
713 2786 974 2851 restitui
1019 2807 1212 2871 posse
1261 2787 1586 2852 censetis?
1662 2785 2055 2854 Sestertium
2101 2753 2399 2872 septiens

353 2873 612 2938 miliens
667 2875 984 2940 avertisse
1029 2873 1395 2941 Antonium
1447 2876 1757 2960 pecuniae
1804 2876 2105 2960 publicae
2149 2877 2396 2942 iudica·
2422 2901 2472 2940 so

351 2961 570 3046 vistis3
616 2985 774 3026 num
819 2963 1042 3027 fraude
1089 2964 1338 3046 poterit
1385 2985 1603 3028 carere
1644 2964 2028 3048 peculatus?
2100 2963 2397 3030 Inmuni-

353 3052 525 3113 tates
583 3051 666 3114 ab
722 3072 800 3115 eo
858 3052 1264 3135 civitatibus,
1322 3052 1713 3136 sacerdotia,
1764 3074 1969 3139 regna
2021 3053 2397 3136 venierunt3

351 3156 510 3202 num
573 3138 861 3222 figentur
918 3161 1143 3204 rursus
1199 3161 1313 3204 eae
1366 3141 1658 3225 tabulae,
1719 3163 1881 3225 quas
1936 3161 2053 3206 vos
2108 3142 2394 3206 decretis

289 3225 331 3288 6
353 3225 589 3289 vestris
623 3226 978 3292 refixistis?
1034 3225 1282 3303 Quodsi
1312 3249 1404 3312 ea,
1443 3249 1608 3312 quae
1636 3229 2056 3313 decrevimus,
2094 3231 2395 3314 obruere,

352 3334 509 3376 num
539 3314 738 3376 etiam
767 3316 1150 3380 memoriam
1178 3337 1397 3380 rerum
1425 3317 1636 3382 delere
1662 3318 2057 3400 possumus?
2112 3315 2393 3418 Quando
2419 3345 2471 3384 ³⁵

353 3399 527 3462 enim
575 3401 998 3467 obliviscetur
1041 3403 1179 3466 ulla
1221 3404 1597 3489 posteritas,
1644 3405 1827 3471 cuius
1874 3406 2175 3472 scelere
2155 3429 2229 3472 m
2262 3407 2393 3472 hae

351 3487 631 3550 vestitus
677 3487 992 3554 foeditate
1035 3489 1397 3555 fuerimus?
1471 3490 1568 3557 Ut
1614 3495 2069 3559 centurionum
2104 3493 2391 3580 legionis
