2550 3875
329 169 463 234 306
759 169 900 226 PRO
940 170 1001 226 Τ.
1039 169 1275 226 ANNIO
1316 167 1596 225 mLONE
1635 168 1920 225 ORATIO.

330 336 530 416 atque
598 354 753 417 opes
817 333 1217 416 iudicantur,
1284 330 1604 415 siquidem
1666 332 1738 396 in
1798 332 1972 397 hunc
2034 353 2239 397 unum
2306 352 2385 396 et.

329 421 940 505 praestantissimus
995 422 1125 486 dux
1180 420 1426 485 electus
1484 424 1552 485 et
1605 424 1750 485 tota
1805 420 2229 504 respublica
2276 442 2383 484 ar-

243 527 314 577 68
334 514 514 574 mata
578 513 695 574 est.
809 508 937 576 Sed
1002 508 1147 594 quis
1211 531 1349 574 non
1410 507 1742 594 intellegit
1805 508 2017 574 omnis
2082 507 2209 573 tibi
2274 530 2381 572 re1

331 598 632 682 publicae
684 598 895 682 partis
954 619 1185 683 aegras
1242 601 1310 662 et
1354 597 1683 681 labanteS,
1735 602 1814 662 ut
1858 619 1967 662 eas
2012 596 2118 662 his
2166 598 2377 662 armis

335 708 601 752 sanares
639 691 708 751 et
746 686 1182 770 confirmares,
1221 707 1364 750 esse
1403 685 1831 751 commissas?
1906 685 2155 762 Quodsi
2184 686 2376 750 locus
2444 703 2471 742 ⁵

333 773 568 840 Miloni
615 775 804 839 datus
854 779 1046 858 esset,
1090 775 1440 858 probasset
1483 773 1781 858 profecto
1828 772 1951 838 tibi
1994 773 2124 856 ipsi
2168 774 2376 840 nemi-

334 885 485 928 nem
533 885 849 948 umquam
894 862 1229 928 hominem
1271 861 1524 926 homini
1570 862 1887 927 cariorem
1932 861 2135 926 fuisse
2172 884 2379 946 quam

337 956 402 1017 te
457 951 612 1036 sibi3
663 952 918 1016 nullum
962 973 1031 1016 se
1076 972 1388 1034 umquam
1430 950 1792 1035 periculum
1835 973 1956 1035 pro
2001 955 2118 1015 tua
2163 951 2377 1036 digni-

336 1044 474 1106 tate
529 1039 804 1125 fugisse;
861 1062 1008 1105 cum
1063 1040 1182 1104 illa
1233 1038 1382 1122 ipsa
1439 1040 1819 1105 taeterrima
1871 1042 2057 1123 peste
2114 1059 2181 1104 sc
2230 1061 2375 1104 sae-

336 1128 608 1214 pissime
655 1150 774 1212 pro
821 1132 939 1192 tua
985 1127 1198 1212 gloria
1245 1128 1683 1211 contendisse3
1728 1127 2140 1192 tribunatum
2178 1150 2376 1192 suum
2410 1144 2470 1184 ιο

337 1218 418 1282 ad
475 1217 757 1282 salutem
815 1238 1055 1298 meam,
1113 1237 1275 1301 quae
1333 1215 1459 1280 tibi
1515 1215 1854 1281 carissima
1906 1215 2169 1300 fuisset,
2224 1238 2377 1281 con-

341 1305 507 1372 siliis
564 1306 698 1370 tuis
755 1305 1219 1390 gubernatum3
1285 1326 1354 1369 se
1411 1326 1450 1369 a
1503 1308 1571 1368 te
1624 1309 1857 1388 postea
1910 1305 2246 1370 defensum
2300 1305 2377 1369 in

336 1394 627 1480 periculo
676 1393 932 1478 capitis,
978 1391 1273 1457 adiutum
1317 1391 1388 1457 in
1433 1391 1752 1477 petitione
1789 1397 2161 1478 praeturae3
2206 1393 2375 1458 duos

340 1504 408 1547 se
453 1482 695 1547 habere
744 1503 999 1565 semper
1045 1480 1478 1546 amicissimos
1526 1502 1850 1566 sperasse,
1905 1486 1973 1546 te
2019 1486 2135 1547 tuo
2181 1483 2377 1546 bene-

338 1569 510 1655 ficio,
544 1592 647 1634 me
687 1592 823 1634 suo.
899 1570 1078 1646 Quae
1116 1569 1174 1633 si
1209 1591 1345 1634 non
1380 1570 1709 1654 probaret,
1748 1570 1804 1634 si
1832 1569 1957 1634 tibi
1984 1569 2081 1634 ita
2107 1570 2377 1654 penitus
2406 1587 2465 1626 1⁵

337 1658 733 1723 inhaesisset
777 1659 909 1723 ista
955 1658 1261 1742 suspici0,
1303 1658 1485 1723 nullo
1531 1663 1607 1723 ut
1653 1658 1843 1723 evelli
1889 1659 2081 1724 modo
2128 1664 2377 1743 posset,

340 1746 398 1811 si
445 1747 719 1830 denique
767 1746 964 1811 Italia
1010 1769 1050 1810 a
1096 1746 1367 1830 dilectu,
1410 1746 1569 1811 urbs
1617 1747 1699 1810 ab
1748 1747 1946 1812 armis
1994 1748 2136 1811 sine
2182 1747 2377 1812 Milo-

337 1834 441 1900 nis
499 1835 678 1900 clade
731 1857 1090 1918 numquam
1146 1839 1321 1899 esset
1378 1835 1830 1919 conquietura,
1885 1857 1967 1900 ne
2023 1836 2150 1900 iste
2197 1836 2377 1901 haud

339 1924 648 1990 dubitans
707 1924 1010 1990 cessisset
1063 1923 1307 2009 patria,
1360 1923 1417 1988 is
1475 1924 1587 2008 qui
1632 1924 1728 1989 ita
1772 1928 1966 1989 natus
2014 1929 2116 1990 est
2164 1928 2233 1991 et
2278 1926 2379 1990 ita

235 2053 320 2117 25
341 2013 710 2098 consuevit3
761 2017 855 2097 te,
907 2012 1164 2099 Magne,
1209 2016 1433 2077 tamen
1477 2017 1933 2098 antestaretur,
1980 2014 2155 2097 quod
2198 2036 2379 2079 nunc
2405 2038 2467 2079 zo

252 2144 320 2193 69
343 2102 546 2167 etiam
609 2100 786 2166 facit.
884 2101 1086 2184 Vide,
1150 2122 1348 2183 quam
1412 2099 1502 2166 sit
1554 2103 1737 2166 varia
1788 2103 1960 2167 vitae
2017 2110 2379 2167 commuta-

342 2190 625 2274 bilisque
662 2189 852 2274 ratic,
889 2211 1086 2273 quam
1113 2209 1283 2275 vaga
1308 2188 1743 2274 volubilisque
1772 2189 2052 2274 fortuna,
2092 2196 2379 2274 quantae

341 2278 761 2343 infidelitates
806 2278 877 2343 in
924 2277 1248 2363 amicitiis,
1298 2299 1493 2361 quam
1530 2278 1611 2342 ad
1649 2283 1908 2363 tempus
1946 2283 2138 2363 aptae
2178 2280 2378 2345 simu-

342 2366 650 2450 lationes,
734 2370 1015 2450 quantae
1096 2366 1167 2431 in
1247 2366 1554 2449 periculis
1628 2366 1823 2452 fugae
1901 2368 2379 2453 proximorum,

346 2458 628 2538 quantae
672 2453 1080 2519 timiditates.
1160 2454 1328 2538 Erit,
1374 2456 1501 2519 erit
1543 2455 1707 2519 illud
1751 2455 2047 2539 profecto
2091 2461 2377 2541 tempus,
2407 2480 2463 2521 25

346 2547 414 2607 et
465 2542 799 2608 illucescet
855 2543 1201 2627 aliquando
1257 2542 1370 2607 ille
1416 2543 1581 2629 dies,
1638 2566 1787 2608 cum
1833 2548 1907 2609 tu
1953 2545 2381 2631 salutaribuS,

344 2635 422 2695 ut
477 2652 696 2716 spero,
749 2633 942 2696 rebus
1000 2632 1160 2715 tuis,
1217 2631 1329 2695 sed
1374 2630 1655 2697 fortasse
1702 2636 1885 2697 motu
1932 2633 2152 2717 aliquo
2203 2655 2379 2699 com—

346 2719 642 2784 munium
686 2722 1056 2803 temporum
1104 2718 1244 2806 (qui
1293 2741 1489 2803 quam
1534 2721 1761 2786 crebro
1805 2721 2073 2805 accidat,
2120 2725 2379 2806 experti

347 2808 512 2874 scire
577 2806 912 2892 debemus)
978 2812 1045 2872 et
1101 2808 1483 2873 amicissimi
1535 2808 2047 2874 benivolentiam
2103 2814 2172 2874 et
2229 2832 2377 2895 gra-

347 2895 600 2961 vissimi
654 2895 938 2961 hominis
995 2896 1191 2960 fidem
1245 2901 1315 2960 et
1368 2897 1561 2961 unius
1614 2901 1769 2981 post
1821 2897 2120 2963 homines
2176 2905 2377 2964 natos
2406 2929 2461 2969 so

259 2996 329 3047 '10
347 2984 696 3049 fortissimi
741 2984 867 3049 viri
911 2986 1429 3071 magnitudinem
1476 2985 1675 3050 animi
1711 2986 2052 3052 desideres.
2137 2986 2377 3063 Quam-

349 3094 546 3157 quam
603 3072 748 3156 quis
799 3072 925 3138 hoc
972 3073 1218 3157 credat,
1275 3073 1389 3139 Cn.
1435 3073 1847 3158 Pompeium,
1898 3076 2060 3139 iuris
2106 3077 2377 3161 publici,

348 3162 551 3226 moris
615 3160 965 3246 maiorum,
1026 3162 1122 3226 rei
1181 3161 1456 3245 denique
1518 3163 1818 3246 publicae
1881 3162 2377 3251 peritissimum,

350 3271 498 3314 cum
554 3254 818 3314 senatus
873 3249 933 3313 ei
989 3250 1413 3334 commiserit,
1466 3255 1543 3315 ut
1596 3252 1871 3337 videret,
1922 3250 2007 3317 ‘ne
2064 3252 2219 3336 quid
2268 3276 2375 3319 res

347 3337 612 3419 publica
676 3336 1050 3401 detrimenti
1109 3342 1394 3422 caperet,
1460 3359 1587 3422 quo
1642 3362 1773 3405 uno
1830 3340 2148 3406 versiculo
2206 3343 2377 3407 satis
2404 3369 2455 3410 ³⁵

350 3424 586 3488 armati
649 3445 905 3509 semper
967 3425 1263 3489 consules
1328 3425 1593 3491 fuerunt
1656 3428 1854 3494 etiam
1916 3430 2113 3494 nullis
2170 3433 2375 3496 armis

349 3511 550 3591 datis,
602 3511 775 3576 hunc
827 3512 1145 3594 exercitu,
1195 3511 1371 3578 hunc
1424 3515 1665 3580 dilectu
1711 3517 1864 3583 dato
1910 3517 2222 3583 iudicium
2270 3543 2377 3585 cx·
