2550 3875
834 839 928 914 M.
986 837 1272 912 TULLI
1326 836 1829 912 CICERONIS

587 1038 794 1122 PRO
858 1038 963 1122 M.
1029 1035 1596 1122 MARCELLO
1662 1034 2071 1120 ORATIO.

1037 1401 1625 1464 ARGUMENTUM.

462 1535 536 1589 M.
594 1535 862 1590 Claudius
916 1535 1216 1590 Marcellus
1265 1534 1341 1590 M.
1396 1533 1546 1588 filius
1612 1533 1809 1588 consul
1872 1549 2019 1588 anno
2074 1550 2129 1603 p.
2190 1549 2246 1586 u.
2306 1549 2360 1586 c.

325 1612 429 1661 ‘103
469 1623 597 1660 cum
625 1606 741 1662 Ser.
778 1605 1027 1687 Sulpicio
1063 1605 1212 1660 Rufo
1250 1604 1323 1658 iis
1360 1605 1525 1659 rebus
1554 1603 1829 1672 omnibus,
1868 1621 2009 1672 quas
2038 1602 2096 1660 C.
2126 1599 2359 1671 Caesar,

321 1693 450 1731 cum
485 1679 638 1731 esset
671 1678 731 1731 in
757 1675 962 1745 Galha,
1001 1694 1036 1732 a
1072 1678 1274 1730 senatu
1308 1674 1640 1744 postulavit,
1678 1691 1801 1730 sese
1838 1675 2181 1744 opposuerat
2206 1674 2359 1728 eius·

320 1763 431 1815 que
469 1747 709 1801 consilia
745 1764 905 1802 secus
943 1745 1143 1814 etiam,
1193 1763 1258 1800 ac
1294 1745 1478 1800 voluit
1513 1745 1737 1814 collega.
1772 1746 1918 1814 eius,
1956 1743 2359 1815 impediverat‚

322 1819 390 1871 ut
441 1834 622 1886 neque
670 1819 729 1873 C.
778 1816 1007 1872 Caesari
1062 1815 1364 1886 imperium
1408 1817 1808 1886 prorogaretur
1850 1832 2034 1884 neque
2079 1815 2202 1870 eius
2253 1814 2357 1869 ab-

322 1887 500 1943 sentis
566 1887 713 1943 ratio
777 1887 1022 1945 comitiis
1079 1887 1468 1943 consularibus
1522 1887 1828 1943 haberetur
1876 1901 2059 1956 neque
2113 1883 2355 1954 colonis,

323 1976 462 2028 quos
500 1960 557 2017 C.
599 1960 806 2015 Caesar
841 1960 1064 2014 Novum
1100 1958 1334 2013 Comum
1371 1958 1705 2025 deduxerat,
1753 1957 1841 2012 ius
1880 1975 2042 2012 suum
2075 1960 2353 2024 maneret,

321 2030 525 2099 quibus
561 2030 730 2085 rebus
768 2029 1028 2085 omnibus
1063 2030 1426 2084 vehementer
1464 2027 1521 2083 C.
1552 2028 1810 2083 Caesaris
1848 2029 2067 2083 animus
2105 2027 2356 2082 offensus

323 2102 462 2155 erat.
538 2100 748 2156 Exorto
802 2102 992 2155 autem
1027 2100 1151 2169 ipso
1188 2099 1347 2154 civili
1381 2099 1532 2153 bello
1570 2098 1667 2155 Cn.
1703 2099 1938 2169 Pompei
1973 2100 2160 2153 castra
2195 2114 2357 2153 secu·

321 2173 415 2224 tus
478 2170 539 2224 in
594 2172 716 2225 acie
769 2170 1102 2225 Pharsalica
1154 2172 1355 2224 contra
1404 2169 1702 2225 Caesarem
1756 2172 2124 2240 pugnaverat.
2214 2168 2359 2223 Post

322 2240 625 2309 Mytilenas
682 2258 742 2296 se
797 2242 1144 2309 contulerat,
1193 2243 1260 2295 ut
1306 2240 1519 2296 otiosus
1570 2239 1779 2295 litteris
1825 2257 2054 2310 operam
2095 2242 2355 2293 navaret.

321 2310 554 2365 Frustra
599 2311 794 2381 amici,
839 2312 1086 2366 reditum
1133 2313 1200 2366 ut
1244 2310 1299 2366 ei
1335 2310 1694 2379 concederet,
1739 2328 1775 2365 a
1818 2309 1876 2366 C.
1918 2313 2155 2367 Caesare
2191 2309 2357 2379 fiagi-

321 2383 601 2436 taverunt.
672 2382 813 2436 Post
855 2399 984 2437 cum
1031 2382 1235 2437 Caesar
1281 2398 1351 2436 ex
1395 2380 1589 2436 Africa
1632 2380 1875 2436 redisset
1920 2398 2067 2435 anno
2113 2398 2168 2451 p.
2207 2397 2263 2435 u.
2302 2396 2354 2436 c.

324 2457 445 2520 ¹108,
485 2451 544 2507 C.
571 2452 887 2521 Marcellus,
923 2452 996 2508 M.
1026 2451 1285 2506 Marcelli
1320 2452 1511 2519 frater,
1546 2452 1792 2506 reditum
1828 2452 1993 2507 fratri
2030 2452 2102 2506 ab
2140 2466 2209 2505 eo
2248 2450 2358 2504 im·

321 2522 582 2591 petravit.
673 2523 911 2579 Fecerat
963 2522 1114 2578 enim
1166 2523 1277 2578 hoc
1324 2523 1579 2591 senatus,
1631 2525 1721 2591 ut,
1777 2539 1907 2577 cum
1952 2539 1988 2576 a
2030 2522 2089 2577 L.
2145 2520 2359 2577 Pisone

321 2592 536 2648 mentio
582 2596 734 2648 esset
775 2594 932 2649 facta
977 2593 1048 2648 de
1093 2592 1391 2661 Marcello,
1442 2595 1501 2649 et
1545 2610 1672 2647 cum
1718 2593 1777 2649 0.
1824 2592 2123 2647 Marcellus
2170 2608 2229 2647 se
2278 2592 2358 2645 ad

325 2663 579 2718 Caesaris
615 2663 789 2733 pedes
827 2664 1144 2732 abiecisset,
1187 2666 1423 2718 cunctus
1460 2665 1825 2733 consurgeret
1861 2666 1923 2718 et
1948 2663 2023 2717 ad
2051 2662 2358 2718 Caesarem

325 2736 562 2805 supplex
612 2736 919 2791 accederet.
1002 2734 1109 2788 Hic
1165 2734 1287 2788 dies
1342 2735 1416 2791 M.
1465 2733 1719 2789 Ciceroni
1771 2733 1858 2789 ita
1909 2733 2147 2815 pulcher
2198 2732 2360 2788 visus

324 2807 474 2873 erat,
521 2806 586 2859 ut
633 2806 879 2875 speciem
926 2804 1176 2874 aliquam
1211 2804 1499 2859 videretur
1532 2804 1725 2859 videre
1762 2820 1928 2874 quasi
1961 2802 2360 2860 reviviscentis

324 2875 409 2929 rei
461 2874 739 2944 publicae.
823 2875 1023 2944 Itaque
1068 2892 1198 2929 cum
1241 2891 1433 2930 omnes
1481 2875 1599 2930 fere
1644 2877 1777 2930 ante
1824 2891 1955 2929 eum
1997 2874 2189 2946 rogati
2234 2891 2362 2929 sen-

323 2946 565 2999 tentiam
610 2946 824 3014 gratias
862 2945 1089 3001 Caesari
1125 2945 1404 3015 egissent,
1449 2945 1573 3017 ipse
1610 2961 1830 3017 quoque
1867 2944 2060 2999 Cicero
2096 2944 2361 3014 pluribus

324 3014 513 3070 verbis
560 3017 683 3087 egit
728 3014 958 3071 Caesari
1004 3016 1248 3085 gratias,
1304 3033 1475 3085 quam
1522 3015 1802 3072 actionem
1847 3016 2189 3085 gratiarum,
2242 3033 2363 3084 qua

327 3085 581 3139 diuturni
625 3086 687 3140 in
742 3089 943 3141 senatu
1000 3086 1217 3141 silentii
1260 3086 1427 3141 finem
1481 3087 1718 3155 fecerat,
1774 3089 1975 3156 postea
2020 3084 2238 3140 conseri
2283 3086 2363 3141 sit

326 3158 542 3224 orator,
598 3159 664 3210 ut
717 3156 834 3211 fere
883 3157 1105 3211 solebat
1150 3157 1336 3211 facere
1352 3199 1366 3225 ,
1419 3158 1905 3227 conscriptamque
1951 3155 2149 3212 edidit.
2295 3173 2361 3211 ec

324 3226 550 3280 videtur
584 3226 704 3281 ullo
739 3227 908 3282 modo
947 3226 1199 3281 dubitari
1232 3244 1429 3297 posse,
1474 3228 1611 3296 quin
1646 3228 1788 3283 haec
1824 3228 1976 3298 ipsa,
2024 3243 2169 3296 quae
2206 3226 2361 3282 infra

324 3294 561 3365 legitur,
616 3296 799 3351 oratio
847 3314 916 3351 ea
958 3298 1087 3367 ipsa
1132 3297 1445 3367 gratiarum
1481 3298 1632 3353 actio
1678 3298 1777 3369 sit,
1823 3315 1969 3367 quae
2014 3314 2127 3353 non
2173 3298 2361 3353 solum

324 3364 523 3419 multis
569 3366 1068 3435 grammaticorum
1111 3366 1253 3421 locis
1303 3370 1364 3422 et
1394 3368 1784 3423 notationibus
1828 3369 2117 3434 laudatur,
2160 3384 2363 3423 verum

328 3432 501 3486 etiam
554 3433 682 3505 ipsa
737 3436 1134 3491 auctoritatem
1178 3437 1474 3493 Tullianae
1531 3438 1889 3508 eloquentiae
1946 3438 2176 3494 videtur
2220 3456 2360 3508 prae

329 3517 388 3555 se
441 3503 603 3559 ferre.
661 3534 730 3546 —
787 3506 860 3561 M.
919 3508 1110 3561 autem
1157 3505 1459 3567 Marcellus
1503 3508 1721 3567 diutius
1764 3509 2056 3578 Mytilenis
2100 3514 2359 3565 moratus
