<?xml version="1.0" encoding="UTF-8"?>
<!DOCTYPE html PUBLIC "-//W3C//DTD XHTML 1.0 Transitional//EN"
    "http://www.w3.org/TR/xhtml1/DTD/xhtml1-transitional.dtd">
<html xmlns="http://www.w3.org/1999/xhtml" xml:lang="en" lang="en">
 <head>
  <title>
</title>
<meta http-equiv="Content-Type" content="text/html;charset=utf-8" />
  <meta name='ocr-system' content='tesseract 3.04.00' />
  <meta name='ocr-capabilities' content='ocr_page ocr_carea ocr_par ocr_line ocrx_word'/>
</head>
<body>
  <div class='ocr_page' id='page_1' title='image "./scriptaquaemans00mlgoog_0470.png"; bbox 0 0 2550 3875; ppageno 0'>
   <div class='ocr_carea' id='block_1_1' title="bbox 361 171 1823 243">
    <p class='ocr_par' dir='ltr' id='par_1_1' title="bbox 361 171 1823 243">
     <span class='ocr_line' id='line_1_1' title="bbox 361 171 1823 243; baseline -0.011 1"><span class='ocrx_word' id='word_1_1' title='bbox 361 178 495 243; x_wconf 87' lang='lat'><strong>334</strong></span> <span class='ocrx_word' id='word_1_2' title='bbox 920 175 1062 230; x_wconf 87' lang='lat' dir='ltr'><strong>PRO</strong></span> <span class='ocrx_word' id='word_1_3' title='bbox 1103 175 1165 240; x_wconf 81' lang='lat' dir='ltr'><strong>Q.</strong></span> <span class='ocrx_word' id='word_1_4' title='bbox 1201 172 1498 229; x_wconf 79' lang='lat' dir='ltr'>LIGARIO</span> <span class='ocrx_word' id='word_1_5' title='bbox 1535 171 1823 228; x_wconf 84' lang='lat' dir='ltr'><strong>ORATIO.</strong></span> 
     </span>
    </p>
   </div>
   <div class='ocr_carea' id='block_1_2' title="bbox 257 333 2550 3583">
    <p class='ocr_par' dir='ltr' id='par_1_2' title="bbox 257 333 2550 3583">
     <span class='ocr_line' id='line_1_2' title="bbox 363 333 2388 422; baseline -0.003 -19"><span class='ocrx_word' id='word_1_6' title='bbox 363 358 601 422; x_wconf 85' lang='lat' dir='ltr'><strong>magna</strong></span> <span class='ocrx_word' id='word_1_7' title='bbox 661 337 844 402; x_wconf 90' lang='lat' dir='ltr'><strong>nulla</strong></span> <span class='ocrx_word' id='word_1_8' title='bbox 904 337 970 401; x_wconf 86' lang='lat' dir='ltr'><strong>vi</strong></span> <span class='ocrx_word' id='word_1_9' title='bbox 1033 340 1297 401; x_wconf 87' lang='lat' dir='ltr'><strong>coactus</strong></span> <span class='ocrx_word' id='word_1_10' title='bbox 1356 335 1593 400; x_wconf 89' lang='lat' dir='ltr'><strong>iudicio</strong></span> <span class='ocrx_word' id='word_1_11' title='bbox 1650 357 1725 399; x_wconf 93' lang='lat' dir='ltr'><strong>ac</strong></span> <span class='ocrx_word' id='word_1_12' title='bbox 1778 334 2114 400; x_wconf 79' lang='lat' dir='ltr'><strong>voluntate</strong></span> <span class='ocrx_word' id='word_1_13' title='bbox 2172 333 2257 396; x_wconf 92' lang='lat' dir='ltr'><strong>ad</strong></span> <span class='ocrx_word' id='word_1_14' title='bbox 2312 353 2388 396; x_wconf 87' lang='lat' dir='ltr'><strong>ea</strong></span> 
     </span>
     <span class='ocr_line' id='line_1_3' title="bbox 361 423 2385 509; baseline -0.003 -19"><span class='ocrx_word' id='word_1_15' title='bbox 361 448 546 490; x_wconf 88' lang='lat' dir='ltr'><strong>arma</strong></span> <span class='ocrx_word' id='word_1_16' title='bbox 605 424 937 509; x_wconf 81' lang='lat' dir='ltr'><strong>profectus</strong></span> <span class='ocrx_word' id='word_1_17' title='bbox 1002 445 1174 508; x_wconf 91' lang='lat' dir='ltr'><strong>sum,</strong></span> <span class='ocrx_word' id='word_1_18' title='bbox 1238 445 1402 508; x_wconf 87' lang='lat' dir='ltr'><strong>quae</strong></span> <span class='ocrx_word' id='word_1_19' title='bbox 1456 426 1643 488; x_wconf 87' lang='lat' dir='ltr'><strong>erant</strong></span> <span class='ocrx_word' id='word_1_20' title='bbox 1700 426 1961 506; x_wconf 84' lang='lat' dir='ltr'><strong>sumpta</strong></span> <span class='ocrx_word' id='word_1_21' title='bbox 2015 423 2246 487; x_wconf 85' lang='lat' dir='ltr'><strong>contra</strong></span> <span class='ocrx_word' id='word_1_22' title='bbox 2302 424 2385 485; x_wconf 89' lang='lat' dir='ltr'><strong>te.</strong></span> 
     </span>
     <span class='ocr_line' id='line_1_4' title="bbox 257 509 2385 598; baseline -0.003 -20"><span class='ocrx_word' id='word_1_23' title='bbox 257 511 332 578; x_wconf 80' lang='lat'><strong>(⁷)</strong></span> <span class='ocrx_word' id='word_1_24' title='bbox 361 513 557 598; x_wconf 87' lang='lat' dir='ltr'><strong>Apud</strong></span> <span class='ocrx_word' id='word_1_25' title='bbox 602 535 796 597; x_wconf 90' lang='lat' dir='ltr'><strong>quem</strong></span> <span class='ocrx_word' id='word_1_26' title='bbox 839 513 1045 598; x_wconf 87' lang='lat' dir='ltr'><strong>igitur</strong></span> <span class='ocrx_word' id='word_1_27' title='bbox 1087 513 1214 578; x_wconf 87' lang='lat' dir='ltr'><strong>hoc</strong></span> <span class='ocrx_word' id='word_1_28' title='bbox 1259 511 1450 576; x_wconf 84' lang='lat' dir='ltr'><strong>dico‘?</strong></span> <span class='ocrx_word' id='word_1_29' title='bbox 1540 509 1793 594; x_wconf 83' lang='lat' dir='ltr'><strong>Nempe</strong></span> <span class='ocrx_word' id='word_1_30' title='bbox 1840 510 2010 594; x_wconf 91' lang='lat' dir='ltr'><strong>apud</strong></span> <span class='ocrx_word' id='word_1_31' title='bbox 2056 530 2223 591; x_wconf 91' lang='lat' dir='ltr'><strong>eum,</strong></span> <span class='ocrx_word' id='word_1_32' title='bbox 2272 509 2385 592; x_wconf 91' lang='lat' dir='ltr'><strong>qui</strong></span> 
     </span>
     <span class='ocr_line' id='line_1_5' title="bbox 362 596 2383 684; baseline -0.003 -17"><span class='ocrx_word' id='word_1_33' title='bbox 362 623 511 667; x_wconf 90' lang='lat' dir='ltr'><strong>cum</strong></span> <span class='ocrx_word' id='word_1_34' title='bbox 545 601 671 668; x_wconf 88' lang='lat' dir='ltr'><strong>hoc</strong></span> <span class='ocrx_word' id='word_1_35' title='bbox 703 601 919 684; x_wconf 87' lang='lat' dir='ltr'><strong>sciret,</strong></span> <span class='ocrx_word' id='word_1_36' title='bbox 956 605 1177 665; x_wconf 88' lang='lat' dir='ltr'><strong>tamen</strong></span> <span class='ocrx_word' id='word_1_37' title='bbox 1202 622 1327 684; x_wconf 90' lang='lat' dir='ltr'><strong>me,</strong></span> <span class='ocrx_word' id='word_1_38' title='bbox 1362 602 1711 682; x_wconf 84' lang='lat' dir='ltr'><strong>antequam</strong></span> <span class='ocrx_word' id='word_1_39' title='bbox 1738 598 1920 678; x_wconf 83' lang='lat' dir='ltr'><strong>vidit,</strong></span> <span class='ocrx_word' id='word_1_40' title='bbox 1956 597 2051 662; x_wconf 89' lang='lat' dir='ltr'><strong>rei</strong></span> <span class='ocrx_word' id='word_1_41' title='bbox 2078 596 2383 681; x_wconf 90' lang='lat' dir='ltr'><strong>publicae</strong></span> 
     </span>
     <span class='ocr_line' id='line_1_6' title="bbox 359 686 2463 774; baseline -0.003 -20"><span class='ocrx_word' id='word_1_42' title='bbox 359 689 657 774; x_wconf 73' lang='lat' dir='ltr'><strong>reddidit,</strong></span> <span class='ocrx_word' id='word_1_43' title='bbox 694 689 807 773; x_wconf 92' lang='lat' dir='ltr'><strong>qui</strong></span> <span class='ocrx_word' id='word_1_44' title='bbox 845 688 925 753; x_wconf 91' lang='lat' dir='ltr'><strong>ad</strong></span> <span class='ocrx_word' id='word_1_45' title='bbox 961 711 1064 754; x_wconf 90' lang='lat' dir='ltr'><strong>me</strong></span> <span class='ocrx_word' id='word_1_46' title='bbox 1101 711 1180 753; x_wconf 85' lang='lat' dir='ltr'><strong>ex</strong></span> <span class='ocrx_word' id='word_1_47' title='bbox 1206 687 1514 773; x_wconf 80' lang='lat' dir='ltr'><strong>Aegypto</strong></span> <span class='ocrx_word' id='word_1_48' title='bbox 1542 687 1799 752; x_wconf 73' lang='lat' dir='ltr'><strong>litteras</strong></span> <span class='ocrx_word' id='word_1_49' title='bbox 1828 686 2028 770; x_wconf 82' lang='lat' dir='ltr'><strong>misit,</strong></span> <span class='ocrx_word' id='word_1_50' title='bbox 2062 689 2139 750; x_wconf 89' lang='lat' dir='ltr'><strong>ut</strong></span> <span class='ocrx_word' id='word_1_51' title='bbox 2168 705 2381 748; x_wconf 89' lang='lat' dir='ltr'><strong>essem</strong></span> <span class='ocrx_word' id='word_1_52' title='bbox 2432 695 2463 736; x_wconf 83' lang='lat'><strong>⁶</strong></span> 
     </span>
     <span class='ocr_line' id='line_1_7' title="bbox 359 773 2383 862; baseline -0.002 -22"><span class='ocrx_word' id='word_1_53' title='bbox 359 777 558 862; x_wconf 89' lang='lat' dir='ltr'><strong>idem,</strong></span> <span class='ocrx_word' id='word_1_54' title='bbox 618 777 730 861; x_wconf 88' lang='lat' dir='ltr'><strong>qui</strong></span> <span class='ocrx_word' id='word_1_55' title='bbox 781 777 1080 859; x_wconf 76' lang='lat' dir='ltr'><strong>fuissem,</strong></span> <span class='ocrx_word' id='word_1_56' title='bbox 1135 776 1249 860; x_wconf 88' lang='lat' dir='ltr'><strong>qui</strong></span> <span class='ocrx_word' id='word_1_57' title='bbox 1304 797 1451 841; x_wconf 87' lang='lat' dir='ltr'><strong>cum</strong></span> <span class='ocrx_word' id='word_1_58' title='bbox 1504 775 1644 858; x_wconf 90' lang='lat' dir='ltr'><strong>ipse</strong></span> <span class='ocrx_word' id='word_1_59' title='bbox 1698 775 2058 858; x_wconf 86' lang='lat' dir='ltr'><strong>imperator</strong></span> <span class='ocrx_word' id='word_1_60' title='bbox 2110 773 2183 837; x_wconf 91' lang='lat' dir='ltr'><strong>in</strong></span> <span class='ocrx_word' id='word_1_61' title='bbox 2236 775 2383 837; x_wconf 88' lang='lat' dir='ltr'><strong>toto</strong></span> 
     </span>
     <span class='ocr_line' id='line_1_8' title="bbox 358 861 2383 949; baseline -0.003 -19"><span class='ocrx_word' id='word_1_62' title='bbox 358 865 635 949; x_wconf 88' lang='lat' dir='ltr'><strong>imperio</strong></span> <span class='ocrx_word' id='word_1_63' title='bbox 689 865 917 949; x_wconf 92' lang='lat' dir='ltr'><strong>populi</strong></span> <span class='ocrx_word' id='word_1_64' title='bbox 961 864 1241 930; x_wconf 88' lang='lat' dir='ltr'><strong>Romani</strong></span> <span class='ocrx_word' id='word_1_65' title='bbox 1296 884 1463 929; x_wconf 88' lang='lat' dir='ltr'><strong>unus</strong></span> <span class='ocrx_word' id='word_1_66' title='bbox 1508 867 1707 946; x_wconf 90' lang='lat' dir='ltr'><strong>esset,</strong></span> <span class='ocrx_word' id='word_1_67' title='bbox 1763 883 1904 928; x_wconf 91' lang='lat' dir='ltr'><strong>esse</strong></span> <span class='ocrx_word' id='word_1_68' title='bbox 1949 883 2053 926; x_wconf 90' lang='lat' dir='ltr'><strong>me</strong></span> <span class='ocrx_word' id='word_1_69' title='bbox 2100 861 2383 925; x_wconf 88' lang='lat' dir='ltr'><strong>alterum</strong></span> 
     </span>
     <span class='ocr_line' id='line_1_9' title="bbox 358 948 2385 1038; baseline -0.003 -20"><span class='ocrx_word' id='word_1_70' title='bbox 358 975 590 1038; x_wconf 90' lang='lat' dir='ltr'><strong>passus</strong></span> <span class='ocrx_word' id='word_1_71' title='bbox 647 958 776 1037; x_wconf 90' lang='lat' dir='ltr'><strong>est,</strong></span> <span class='ocrx_word' id='word_1_72' title='bbox 829 974 870 1017; x_wconf 89' lang='lat' dir='ltr'><strong>a</strong></span> <span class='ocrx_word' id='word_1_73' title='bbox 923 974 1051 1038; x_wconf 88' lang='lat' dir='ltr'><strong>quo</strong></span> <span class='ocrx_word' id='word_1_74' title='bbox 1105 952 1232 1017; x_wconf 89' lang='lat' dir='ltr'><strong>hoc</strong></span> <span class='ocrx_word' id='word_1_75' title='bbox 1283 952 1430 1035; x_wconf 90' lang='lat' dir='ltr'><strong>ipso</strong></span> <span class='ocrx_word' id='word_1_76' title='bbox 1478 949 1547 1016; x_wconf 81' lang='lat' dir='ltr'><strong>G.</strong></span> <span class='ocrx_word' id='word_1_77' title='bbox 1593 950 1809 1016; x_wconf 89' lang='lat' dir='ltr'><strong>Pansa</strong></span> <span class='ocrx_word' id='word_1_78' title='bbox 1861 949 2025 1014; x_wconf 84' lang='lat' dir='ltr'><strong>mihi</strong></span> <span class='ocrx_word' id='word_1_79' title='bbox 2076 948 2385 1013; x_wconf 89' lang='lat' dir='ltr'><strong>nuntium</strong></span> 
     </span>
     <span class='ocr_line' id='line_1_10' title="bbox 358 1036 2386 1124; baseline -0.003 -18"><span class='ocrx_word' id='word_1_80' title='bbox 358 1041 724 1124; x_wconf 83' lang='lat' dir='ltr'><strong>perferente</strong></span> <span class='ocrx_word' id='word_1_81' title='bbox 797 1061 1138 1106; x_wconf 90' lang='lat' dir='ltr'><strong>concessos</strong></span> <span class='ocrx_word' id='word_1_82' title='bbox 1210 1039 1419 1104; x_wconf 89' lang='lat' dir='ltr'><strong>fasces</strong></span> <span class='ocrx_word' id='word_1_83' title='bbox 1491 1039 1820 1105; x_wconf 89' lang='lat' dir='ltr'><strong>laureatos</strong></span> <span class='ocrx_word' id='word_1_84' title='bbox 1885 1036 2094 1120; x_wconf 91' lang='lat' dir='ltr'><strong>tenui,</strong></span> <span class='ocrx_word' id='word_1_85' title='bbox 2168 1036 2386 1120; x_wconf 85' lang='lat' dir='ltr'><strong>quoad</strong></span> 
     </span>
     <span class='ocr_line' id='line_1_11' title="bbox 359 1124 2550 1212; baseline -0.004 -18"><span class='ocrx_word' id='word_1_86' title='bbox 359 1130 672 1194; x_wconf 88' lang='lat' dir='ltr'><strong>tenendos</strong></span> <span class='ocrx_word' id='word_1_87' title='bbox 734 1129 990 1212; x_wconf 82' lang='lat' dir='ltr'><strong>putavi,</strong></span> <span class='ocrx_word' id='word_1_88' title='bbox 1055 1128 1168 1211; x_wconf 91' lang='lat' dir='ltr'><strong>qui</strong></span> <span class='ocrx_word' id='word_1_89' title='bbox 1230 1127 1393 1192; x_wconf 83' lang='lat' dir='ltr'><strong>mihi</strong></span> <span class='ocrx_word' id='word_1_90' title='bbox 1447 1131 1592 1191; x_wconf 85' lang='lat' dir='ltr'><strong>tum</strong></span> <span class='ocrx_word' id='word_1_91' title='bbox 1646 1126 1920 1210; x_wconf 89' lang='lat' dir='ltr'><strong>denique</strong></span> <span class='ocrx_word' id='word_1_92' title='bbox 1976 1147 2044 1190; x_wconf 75' lang='lat' dir='ltr'><strong>se</strong></span> <span class='ocrx_word' id='word_1_93' title='bbox 2100 1124 2385 1188; x_wconf 89' lang='lat' dir='ltr'><strong>salutem</strong></span> <span class='ocrx_word' id='word_1_94' title='bbox 2412 1135 2461 1174; x_wconf 85' lang='lat'><strong>1⁰</strong></span> <span class='ocrx_word' id='word_1_95' title='bbox 2538 1155 2550 1178; x_wconf 71' lang='grc' dir='ltr'>ι</span> 
     </span>
     <span class='ocr_line' id='line_1_12' title="bbox 359 1212 2385 1302; baseline -0.004 -19"><span class='ocrx_word' id='word_1_96' title='bbox 359 1217 618 1302; x_wconf 82' lang='lat' dir='ltr'><strong>putavit</strong></span> <span class='ocrx_word' id='word_1_97' title='bbox 671 1217 964 1301; x_wconf 89' lang='lat' dir='ltr'><strong>reddere,</strong></span> <span class='ocrx_word' id='word_1_98' title='bbox 1017 1216 1074 1281; x_wconf 92' lang='lat' dir='ltr'><strong>si</strong></span> <span class='ocrx_word' id='word_1_99' title='bbox 1127 1237 1273 1280; x_wconf 89' lang='lat' dir='ltr'><strong>eam</strong></span> <span class='ocrx_word' id='word_1_100' title='bbox 1324 1215 1523 1280; x_wconf 90' lang='lat' dir='ltr'><strong>nullis</strong></span> <span class='ocrx_word' id='word_1_101' title='bbox 1580 1214 1929 1299; x_wconf 85' lang='lat' dir='ltr'><strong>spoliatam</strong></span> <span class='ocrx_word' id='word_1_102' title='bbox 1980 1212 2385 1279; x_wconf 83' lang='lat' dir='ltr'><strong>ornamentis</strong></span> 
     </span>
     <span class='ocr_line' id='line_1_13' title="bbox 306 1300 2385 1388; baseline -0.004 -17"><span class='ocrx_word' id='word_1_103' title='bbox 306 1323 339 1372; x_wconf 87' lang='lat'>8</span> <span class='ocrx_word' id='word_1_104' title='bbox 361 1305 662 1370; x_wconf 87' lang='lat' dir='ltr'><strong>dedisset.</strong></span> <span class='ocrx_word' id='word_1_105' title='bbox 742 1303 927 1387; x_wconf 90' lang='lat' dir='ltr'><strong>Vide,</strong></span> <span class='ocrx_word' id='word_1_106' title='bbox 973 1325 1231 1388; x_wconf 90' lang='lat' dir='ltr'><strong>quaes0,</strong></span> <span class='ocrx_word' id='word_1_107' title='bbox 1277 1303 1553 1387; x_wconf 88' lang='lat' dir='ltr'><strong>Tubero,</strong></span> <span class='ocrx_word' id='word_1_108' title='bbox 1596 1306 1690 1387; x_wconf 92' lang='lat' dir='ltr'><strong>ut,</strong></span> <span class='ocrx_word' id='word_1_109' title='bbox 1737 1302 1847 1386; x_wconf 92' lang='lat' dir='ltr'><strong>qui</strong></span> <span class='ocrx_word' id='word_1_110' title='bbox 1892 1302 1970 1366; x_wconf 91' lang='lat' dir='ltr'><strong>de</strong></span> <span class='ocrx_word' id='word_1_111' title='bbox 2016 1322 2162 1365; x_wconf 90' lang='lat' dir='ltr'><strong>meo</strong></span> <span class='ocrx_word' id='word_1_112' title='bbox 2205 1300 2385 1364; x_wconf 83' lang='lat' dir='ltr'><strong>facto</strong></span> 
     </span>
     <span class='ocr_line' id='line_1_14' title="bbox 358 1388 2387 1478; baseline -0.003 -21"><span class='ocrx_word' id='word_1_113' title='bbox 358 1415 492 1458; x_wconf 91' lang='lat' dir='ltr'><strong>non</strong></span> <span class='ocrx_word' id='word_1_114' title='bbox 536 1392 848 1475; x_wconf 87' lang='lat' dir='ltr'><strong>dubitem,</strong></span> <span class='ocrx_word' id='word_1_115' title='bbox 895 1393 972 1456; x_wconf 92' lang='lat' dir='ltr'><strong>de</strong></span> <span class='ocrx_word' id='word_1_116' title='bbox 1017 1391 1242 1478; x_wconf 85' lang='lat' dir='ltr'><strong>Ligari</strong></span> <span class='ocrx_word' id='word_1_117' title='bbox 1286 1413 1420 1456; x_wconf 88' lang='lat' dir='ltr'><strong>non</strong></span> <span class='ocrx_word' id='word_1_118' title='bbox 1455 1391 1727 1456; x_wconf 81' lang='lat' dir='ltr'><strong>audeam</strong></span> <span class='ocrx_word' id='word_1_119' title='bbox 1763 1389 2077 1456; x_wconf 85' lang='lat' dir='ltr'><strong>confiteri.</strong></span> <span class='ocrx_word' id='word_1_120' title='bbox 2159 1388 2387 1472; x_wconf 88' lang='lat' dir='ltr'><strong>Atque</strong></span> 
     </span>
     <span class='ocr_line' id='line_1_15' title="bbox 357 1477 2387 1564; baseline -0.002 -20"><span class='ocrx_word' id='word_1_121' title='bbox 357 1482 519 1546; x_wconf 89' lang='lat' dir='ltr'><strong>haee</strong></span> <span class='ocrx_word' id='word_1_122' title='bbox 563 1484 911 1564; x_wconf 88' lang='lat' dir='ltr'><strong>propterea</strong></span> <span class='ocrx_word' id='word_1_123' title='bbox 953 1480 1033 1544; x_wconf 91' lang='lat' dir='ltr'><strong>de</strong></span> <span class='ocrx_word' id='word_1_124' title='bbox 1079 1501 1182 1544; x_wconf 93' lang='lat' dir='ltr'><strong>me</strong></span> <span class='ocrx_word' id='word_1_125' title='bbox 1230 1480 1389 1562; x_wconf 85' lang='lat' dir='ltr'><strong>dixi,</strong></span> <span class='ocrx_word' id='word_1_126' title='bbox 1442 1483 1519 1543; x_wconf 95' lang='lat' dir='ltr'><strong>ut</strong></span> <span class='ocrx_word' id='word_1_127' title='bbox 1564 1478 1727 1542; x_wconf 92' lang='lat' dir='ltr'><strong>mihi</strong></span> <span class='ocrx_word' id='word_1_128' title='bbox 1771 1478 2058 1561; x_wconf 87' lang='lat' dir='ltr'><strong>Tubero,</strong></span> <span class='ocrx_word' id='word_1_129' title='bbox 2108 1497 2262 1540; x_wconf 89' lang='lat' dir='ltr'><strong>cum</strong></span> <span class='ocrx_word' id='word_1_130' title='bbox 2308 1477 2387 1540; x_wconf 88' lang='lat' dir='ltr'><strong>de</strong></span> 
     </span>
     <span class='ocr_line' id='line_1_16' title="bbox 361 1564 2457 1653; baseline -0.001 -22"><span class='ocrx_word' id='word_1_131' title='bbox 361 1589 430 1631; x_wconf 90' lang='lat' dir='ltr'><strong>se</strong></span> <span class='ocrx_word' id='word_1_132' title='bbox 493 1568 718 1632; x_wconf 89' lang='lat' dir='ltr'><strong>eadem</strong></span> <span class='ocrx_word' id='word_1_133' title='bbox 777 1568 1082 1652; x_wconf 84' lang='lat' dir='ltr'><strong>dicerem,</strong></span> <span class='ocrx_word' id='word_1_134' title='bbox 1145 1567 1541 1653; x_wconf 83' lang='lat' dir='ltr'><strong>ignosceret3</strong></span> <span class='ocrx_word' id='word_1_135' title='bbox 1605 1567 1787 1631; x_wconf 90' lang='lat' dir='ltr'><strong>cuius</strong></span> <span class='ocrx_word' id='word_1_136' title='bbox 1844 1586 1967 1651; x_wconf 91' lang='lat' dir='ltr'><strong>ego</strong></span> <span class='ocrx_word' id='word_1_137' title='bbox 2021 1564 2385 1629; x_wconf 85' lang='lat' dir='ltr'><strong>industriae</strong></span> <span class='ocrx_word' id='word_1_138' title='bbox 2412 1573 2457 1614; x_wconf 85' lang='lat'><strong>1⁵</strong></span> 
     </span>
     <span class='ocr_line' id='line_1_17' title="bbox 360 1653 2389 1739; baseline -0.001 -20"><span class='ocrx_word' id='word_1_139' title='bbox 360 1655 734 1739; x_wconf 82' lang='lat' dir='ltr'><strong>gloriaeque</strong></span> <span class='ocrx_word' id='word_1_140' title='bbox 771 1654 956 1720; x_wconf 80' lang='lat' dir='ltr'><strong>faveo</strong></span> <span class='ocrx_word' id='word_1_141' title='bbox 995 1655 1098 1720; x_wconf 81' lang='lat' dir='ltr'><strong>vel</strong></span> <span class='ocrx_word' id='word_1_142' title='bbox 1132 1659 1403 1739; x_wconf 89' lang='lat' dir='ltr'><strong>propter</strong></span> <span class='ocrx_word' id='word_1_143' title='bbox 1439 1654 1873 1739; x_wconf 88' lang='lat' dir='ltr'><strong>propinquam</strong></span> <span class='ocrx_word' id='word_1_144' title='bbox 1905 1653 2389 1739; x_wconf 83' lang='lat' dir='ltr'><strong>cognationem,</strong></span> 
     </span>
     <span class='ocr_line' id='line_1_18' title="bbox 361 1741 2389 1828; baseline -0.001 -22"><span class='ocrx_word' id='word_1_145' title='bbox 361 1743 462 1806; x_wconf 85' lang='lat' dir='ltr'><strong>vel</strong></span> <span class='ocrx_word' id='word_1_146' title='bbox 518 1743 691 1826; x_wconf 92' lang='lat' dir='ltr'><strong>quod</strong></span> <span class='ocrx_word' id='word_1_147' title='bbox 744 1743 881 1808; x_wconf 90' lang='lat' dir='ltr'><strong>eius</strong></span> <span class='ocrx_word' id='word_1_148' title='bbox 935 1743 1197 1828; x_wconf 85' lang='lat' dir='ltr'><strong>ingenio</strong></span> <span class='ocrx_word' id='word_1_149' title='bbox 1255 1743 1615 1826; x_wconf 89' lang='lat' dir='ltr'><strong>studiisque</strong></span> <span class='ocrx_word' id='word_1_150' title='bbox 1672 1743 1983 1826; x_wconf 89' lang='lat' dir='ltr'><strong>delector,</strong></span> <span class='ocrx_word' id='word_1_151' title='bbox 2049 1741 2154 1806; x_wconf 78' lang='lat' dir='ltr'><strong>vel</strong></span> <span class='ocrx_word' id='word_1_152' title='bbox 2212 1741 2389 1823; x_wconf 92' lang='lat' dir='ltr'><strong>quod</strong></span> 
     </span>
     <span class='ocr_line' id='line_1_19' title="bbox 358 1829 2389 1915; baseline -0.001 -21"><span class='ocrx_word' id='word_1_153' title='bbox 358 1830 617 1895; x_wconf 91' lang='lat' dir='ltr'><strong>laudem</strong></span> <span class='ocrx_word' id='word_1_154' title='bbox 655 1831 1085 1896; x_wconf 87' lang='lat' dir='ltr'><strong>adulescentis</strong></span> <span class='ocrx_word' id='word_1_155' title='bbox 1113 1831 1464 1915; x_wconf 87' lang='lat' dir='ltr'><strong>propinqui</strong></span> <span class='ocrx_word' id='word_1_156' title='bbox 1492 1830 1795 1895; x_wconf 80' lang='lat' dir='ltr'><strong>existimo</strong></span> <span class='ocrx_word' id='word_1_157' title='bbox 1825 1829 2027 1895; x_wconf 86' lang='lat' dir='ltr'><strong>etiam</strong></span> <span class='ocrx_word' id='word_1_158' title='bbox 2055 1830 2138 1893; x_wconf 88' lang='lat' dir='ltr'><strong>ad</strong></span> <span class='ocrx_word' id='word_1_159' title='bbox 2165 1851 2389 1893; x_wconf 90' lang='lat' dir='ltr'><strong>meum</strong></span> 
     </span>
     <span class='ocr_line' id='line_1_20' title="bbox 307 1916 2389 2004; baseline -0.002 -18"><span class='ocrx_word' id='word_1_160' title='bbox 307 1938 338 1986; x_wconf 87' lang='lat'>9</span> <span class='ocrx_word' id='word_1_161' title='bbox 361 1919 645 2004; x_wconf 84' lang='lat' dir='ltr'><strong>aliquem</strong></span> <span class='ocrx_word' id='word_1_162' title='bbox 705 1919 995 1985; x_wconf 83' lang='lat' dir='ltr'><strong>fructum</strong></span> <span class='ocrx_word' id='word_1_163' title='bbox 1051 1919 1425 1985; x_wconf 85' lang='lat' dir='ltr'><strong>redundare.</strong></span> <span class='ocrx_word' id='word_1_164' title='bbox 1528 1917 1652 1985; x_wconf 86' lang='lat' dir='ltr'><strong>Sed</strong></span> <span class='ocrx_word' id='word_1_165' title='bbox 1705 1918 1830 1984; x_wconf 89' lang='lat' dir='ltr'><strong>hoc</strong></span> <span class='ocrx_word' id='word_1_166' title='bbox 1887 1939 2155 2002; x_wconf 90' lang='lat' dir='ltr'><strong>quaero:</strong></span> <span class='ocrx_word' id='word_1_167' title='bbox 2224 1916 2389 1994; x_wconf 83' lang='lat' dir='ltr'><strong>Quis</strong></span> 
     </span>
     <span class='ocr_line' id='line_1_21' title="bbox 357 2006 2462 2107; baseline -0.002 -34"><span class='ocrx_word' id='word_1_168' title='bbox 357 2012 552 2092; x_wconf 85' lang='lat' dir='ltr'><strong>putat</strong></span> <span class='ocrx_word' id='word_1_169' title='bbox 597 2029 737 2073; x_wconf 88' lang='lat' dir='ltr'><strong>esse</strong></span> <span class='ocrx_word' id='word_1_170' title='bbox 785 2008 1031 2073; x_wconf 83' lang='lat' dir='ltr'><strong>crimen</strong></span> <span class='ocrx_word' id='word_1_171' title='bbox 1072 2006 1276 2072; x_wconf 79' lang='lat' dir='ltr'><strong>fuisse</strong></span> <span class='ocrx_word' id='word_1_172' title='bbox 1322 2008 1393 2072; x_wconf 91' lang='lat' dir='ltr'><strong>in</strong></span> <span class='ocrx_word' id='word_1_173' title='bbox 1436 2006 1704 2074; x_wconf 82' lang='lat' dir='ltr'><strong>Africa?</strong></span> <span class='ocrx_word' id='word_1_174' title='bbox 1750 2006 2120 2107; x_wconf 38' lang='lat' dir='ltr'><strong>Nempe-is,</strong></span> <span class='ocrx_word' id='word_1_175' title='bbox 2167 2006 2282 2090; x_wconf 90' lang='lat' dir='ltr'><strong>qui</strong></span> <span class='ocrx_word' id='word_1_176' title='bbox 2320 2010 2389 2069; x_wconf 87' lang='lat' dir='ltr'><strong>et</strong></span> <span class='ocrx_word' id='word_1_177' title='bbox 2414 2016 2462 2054; x_wconf 79' lang='lat'><strong>20</strong></span> 
     </span>
     <span class='ocr_line' id='line_1_22' title="bbox 357 2095 2392 2268; baseline -0 -22"><span class='ocrx_word' id='word_1_178' title='bbox 357 2118 624 2267; x_wconf 59' lang='grc' dir='ltr'><strong>ὶῖἶὲὲὲ</strong></span> <span class='ocrx_word' id='word_1_179' title='bbox 677 2095 1005 2267; x_wconf 46' lang='lat' dir='ltr'><strong>{5333ss</strong></span> <span class='ocrx_word' id='word_1_180' title='bbox 1007 2095 2392 2268; x_wconf 52' lang='lat' dir='ltr'><strong>{3⁰2032⁸⁶.J133¹;¹²issssufffflffa&#39;ssssssm</strong></span> 
     </span>
     <span class='ocr_line' id='line_1_23' title="bbox 361 2270 2389 2355; baseline 0 -20"><span class='ocrx_word' id='word_1_181' title='bbox 361 2291 745 2355; x_wconf 89' lang='lat' dir='ltr'><strong>congressus</strong></span> <span class='ocrx_word' id='word_1_182' title='bbox 812 2275 1120 2336; x_wconf 88' lang='lat' dir='ltr'><strong>armatus.</strong></span> <span class='ocrx_word' id='word_1_183' title='bbox 1220 2270 1392 2347; x_wconf 84' lang='lat' dir='ltr'><strong>Quid</strong></span> <span class='ocrx_word' id='word_1_184' title='bbox 1446 2272 1647 2354; x_wconf 83' lang='lat' dir='ltr'><strong>enim,</strong></span> <span class='ocrx_word' id='word_1_185' title='bbox 1710 2270 1996 2355; x_wconf 86' lang='lat' dir='ltr'><strong>Tuber0,</strong></span> <span class='ocrx_word' id='word_1_186' title='bbox 2058 2275 2215 2334; x_wconf 91' lang='lat' dir='ltr'><strong>tuus</strong></span> <span class='ocrx_word' id='word_1_187' title='bbox 2273 2270 2389 2335; x_wconf 90' lang='lat' dir='ltr'><strong>ille</strong></span> 
     </span>
     <span class='ocr_line' id='line_1_24' title="bbox 361 2357 2389 2445; baseline 0.001 -24"><span class='ocrx_word' id='word_1_188' title='bbox 361 2358 710 2422; x_wconf 87' lang='lat' dir='ltr'><strong>destrictus</strong></span> <span class='ocrx_word' id='word_1_189' title='bbox 775 2358 846 2423; x_wconf 87' lang='lat' dir='ltr'><strong>in</strong></span> <span class='ocrx_word' id='word_1_190' title='bbox 909 2360 1045 2424; x_wconf 89' lang='lat' dir='ltr'><strong>acie</strong></span> <span class='ocrx_word' id='word_1_191' title='bbox 1098 2357 1478 2424; x_wconf 88' lang='lat' dir='ltr'><strong>Pharsalica</strong></span> <span class='ocrx_word' id='word_1_192' title='bbox 1541 2358 1797 2445; x_wconf 87' lang='lat' dir='ltr'><strong>gladius</strong></span> <span class='ocrx_word' id='word_1_193' title='bbox 1854 2358 2135 2443; x_wconf 81' lang='lat' dir='ltr'><strong>agebat?</strong></span> <span class='ocrx_word' id='word_1_194' title='bbox 2200 2357 2389 2423; x_wconf 89' lang='lat' dir='ltr'><strong>cuius</strong></span> 
     </span>
     <span class='ocr_line' id='line_1_25' title="bbox 358 2442 2463 2531; baseline 0 -23"><span class='ocrx_word' id='word_1_195' title='bbox 358 2445 534 2511; x_wconf 85' lang='lat' dir='ltr'><strong>latus</strong></span> <span class='ocrx_word' id='word_1_196' title='bbox 590 2446 700 2511; x_wconf 92' lang='lat' dir='ltr'><strong>ille</strong></span> <span class='ocrx_word' id='word_1_197' title='bbox 756 2468 978 2512; x_wconf 91' lang='lat' dir='ltr'><strong>mucro</strong></span> <span class='ocrx_word' id='word_1_198' title='bbox 1034 2447 1347 2530; x_wconf 79' lang='lat' dir='ltr'><strong>petebat?</strong></span> <span class='ocrx_word' id='word_1_199' title='bbox 1403 2447 1517 2531; x_wconf 92' lang='lat' dir='ltr'><strong>qui</strong></span> <span class='ocrx_word' id='word_1_200' title='bbox 1570 2442 1796 2512; x_wconf 77' lang='lat' dir='ltr'><strong>sensus</strong></span> <span class='ocrx_word' id='word_1_201' title='bbox 1854 2450 1995 2511; x_wconf 91' lang='lat' dir='ltr'><strong>erat</strong></span> <span class='ocrx_word' id='word_1_202' title='bbox 2050 2467 2388 2511; x_wconf 85' lang='lat' dir='ltr'><strong>armorum</strong></span> <span class='ocrx_word' id='word_1_203' title='bbox 2414 2454 2463 2495; x_wconf 77' lang='lat'><strong>2⁵</strong></span> 
     </span>
     <span class='ocr_line' id='line_1_26' title="bbox 360 2533 2390 2619; baseline 0 -22"><span class='ocrx_word' id='word_1_204' title='bbox 360 2535 667 2598; x_wconf 77' lang='lat' dir='ltr'><strong>tuorum?</strong></span> <span class='ocrx_word' id='word_1_205' title='bbox 723 2556 889 2618; x_wconf 90' lang='lat' dir='ltr'><strong>quae</strong></span> <span class='ocrx_word' id='word_1_206' title='bbox 933 2538 1050 2600; x_wconf 90' lang='lat' dir='ltr'><strong>tua</strong></span> <span class='ocrx_word' id='word_1_207' title='bbox 1094 2556 1304 2617; x_wconf 85' lang='lat' dir='ltr'><strong>mens,</strong></span> <span class='ocrx_word' id='word_1_208' title='bbox 1352 2535 1551 2618; x_wconf 89' lang='lat' dir='ltr'><strong>oculi,</strong></span> <span class='ocrx_word' id='word_1_209' title='bbox 1596 2556 1855 2619; x_wconf 89' lang='lat' dir='ltr'><strong>manus,</strong></span> <span class='ocrx_word' id='word_1_210' title='bbox 1902 2534 2093 2599; x_wconf 88' lang='lat' dir='ltr'><strong>ardor</strong></span> <span class='ocrx_word' id='word_1_211' title='bbox 2138 2533 2390 2598; x_wconf 82' lang='lat' dir='ltr'><strong>animi?</strong></span> 
     </span>
     <span class='ocr_line' id='line_1_27' title="bbox 360 2621 2391 2708; baseline 0 -23"><span class='ocrx_word' id='word_1_212' title='bbox 360 2621 517 2705; x_wconf 91' lang='lat' dir='ltr'><strong>quid</strong></span> <span class='ocrx_word' id='word_1_213' title='bbox 545 2621 869 2705; x_wconf 88' lang='lat' dir='ltr'><strong>cupiebas,</strong></span> <span class='ocrx_word' id='word_1_214' title='bbox 906 2623 1062 2706; x_wconf 92' lang='lat' dir='ltr'><strong>quid</strong></span> <span class='ocrx_word' id='word_1_215' title='bbox 1091 2622 1415 2707; x_wconf 80' lang='lat' dir='ltr'><strong>optabas?</strong></span> <span class='ocrx_word' id='word_1_216' title='bbox 1479 2622 1695 2687; x_wconf 87' lang='lat' dir='ltr'><strong>Nimis</strong></span> <span class='ocrx_word' id='word_1_217' title='bbox 1722 2643 1954 2708; x_wconf 82' lang='lat' dir='ltr'><strong>urge03</strong></span> <span class='ocrx_word' id='word_1_218' title='bbox 1992 2622 2391 2687; x_wconf 82' lang='lat' dir='ltr'><strong>commoveri</strong></span> 
     </span>
     <span class='ocr_line' id='line_1_28' title="bbox 359 2709 2389 2776; baseline 0 -3"><span class='ocrx_word' id='word_1_219' title='bbox 359 2709 615 2774; x_wconf 83' lang='lat' dir='ltr'><strong>videtur</strong></span> <span class='ocrx_word' id='word_1_220' title='bbox 662 2710 1055 2775; x_wconf 88' lang='lat' dir='ltr'><strong>adulescens.</strong></span> <span class='ocrx_word' id='word_1_221' title='bbox 1135 2710 1240 2774; x_wconf 91' lang='lat' dir='ltr'><strong>Ad</strong></span> <span class='ocrx_word' id='word_1_222' title='bbox 1288 2732 1389 2775; x_wconf 89' lang='lat' dir='ltr'><strong>me</strong></span> <span class='ocrx_word' id='word_1_223' title='bbox 1436 2714 1741 2776; x_wconf 82' lang='lat' dir='ltr'><strong>revertar.</strong></span> <span class='ocrx_word' id='word_1_224' title='bbox 1821 2710 2037 2775; x_wconf 93' lang='lat' dir='ltr'><strong>Isdem</strong></span> <span class='ocrx_word' id='word_1_225' title='bbox 2077 2709 2148 2773; x_wconf 90' lang='lat' dir='ltr'><strong>in</strong></span> <span class='ocrx_word' id='word_1_226' title='bbox 2184 2710 2389 2773; x_wconf 89' lang='lat' dir='ltr'><strong>armis</strong></span> 
     </span>
     <span class='ocr_line' id='line_1_29' title="bbox 272 2762 2389 2899; baseline 0 -37"><span class='ocrx_word' id='word_1_227' title='bbox 272 2762 340 2899; x_wconf 77' lang='lat'><strong>140</strong></span> <span class='ocrx_word' id='word_1_228' title='bbox 358 2796 470 2862; x_wconf 82' lang='lat' dir='ltr'><strong>fui.</strong></span> <span class='ocrx_word' id='word_1_229' title='bbox 557 2797 726 2873; x_wconf 84' lang='lat' dir='ltr'><strong>Quid</strong></span> <span class='ocrx_word' id='word_1_230' title='bbox 773 2802 993 2862; x_wconf 87' lang='lat' dir='ltr'><strong>autem</strong></span> <span class='ocrx_word' id='word_1_231' title='bbox 1039 2798 1214 2863; x_wconf 91' lang='lat' dir='ltr'><strong>aliud</strong></span> <span class='ocrx_word' id='word_1_232' title='bbox 1261 2799 1535 2884; x_wconf 77' lang='lat' dir='ltr'><strong>egimuS,</strong></span> <span class='ocrx_word' id='word_1_233' title='bbox 1578 2798 1854 2882; x_wconf 81' lang='lat' dir='ltr'><strong>TuberO,</strong></span> <span class='ocrx_word' id='word_1_234' title='bbox 1897 2798 2029 2863; x_wconf 90' lang='lat' dir='ltr'><strong>nisi</strong></span> <span class='ocrx_word' id='word_1_235' title='bbox 2071 2800 2164 2880; x_wconf 90' lang='lat' dir='ltr'><strong>ut,</strong></span> <span class='ocrx_word' id='word_1_236' title='bbox 2212 2798 2389 2881; x_wconf 92' lang='lat' dir='ltr'><strong>quod</strong></span> 
     </span>
     <span class='ocr_line' id='line_1_30' title="bbox 356 2885 2467 2972; baseline 0 -23"><span class='ocrx_word' id='word_1_237' title='bbox 356 2885 465 2950; x_wconf 88' lang='lat' dir='ltr'><strong>hic</strong></span> <span class='ocrx_word' id='word_1_238' title='bbox 509 2889 756 2969; x_wconf 91' lang='lat' dir='ltr'><strong>potest,</strong></span> <span class='ocrx_word' id='word_1_239' title='bbox 799 2907 920 2950; x_wconf 91' lang='lat' dir='ltr'><strong>nos</strong></span> <span class='ocrx_word' id='word_1_240' title='bbox 966 2888 1351 2970; x_wconf 77' lang='lat' dir='ltr'><strong>possemus?</strong></span> <span class='ocrx_word' id='word_1_241' title='bbox 1442 2886 1735 2963; x_wconf 84' lang='lat' dir='ltr'><strong>Quorum</strong></span> <span class='ocrx_word' id='word_1_242' title='bbox 1780 2887 1986 2972; x_wconf 91' lang='lat' dir='ltr'><strong>igitur</strong></span> <span class='ocrx_word' id='word_1_243' title='bbox 2030 2885 2387 2969; x_wconf 88' lang='lat' dir='ltr'><strong>inpunitas,</strong></span> <span class='ocrx_word' id='word_1_244' title='bbox 2412 2894 2467 2933; x_wconf 78' lang='lat'><strong>³⁰</strong></span> 
     </span>
     <span class='ocr_line' id='line_1_31' title="bbox 357 2971 2387 3059; baseline -0 -22"><span class='ocrx_word' id='word_1_245' title='bbox 357 2971 623 3057; x_wconf 84' lang='lat' dir='ltr'><strong>Caesar,</strong></span> <span class='ocrx_word' id='word_1_246' title='bbox 678 2976 828 3037; x_wconf 87' lang='lat' dir='ltr'><strong>tuae</strong></span> <span class='ocrx_word' id='word_1_247' title='bbox 886 2973 1263 3039; x_wconf 89' lang='lat' dir='ltr'><strong>clementiae</strong></span> <span class='ocrx_word' id='word_1_248' title='bbox 1314 2975 1455 3039; x_wconf 90' lang='lat' dir='ltr'><strong>laus</strong></span> <span class='ocrx_word' id='word_1_249' title='bbox 1502 2979 1629 3059; x_wconf 90' lang='lat' dir='ltr'><strong>est,</strong></span> <span class='ocrx_word' id='word_1_250' title='bbox 1686 2996 1909 3039; x_wconf 87' lang='lat' dir='ltr'><strong>eorum</strong></span> <span class='ocrx_word' id='word_1_251' title='bbox 1961 2973 2261 3058; x_wconf 91' lang='lat' dir='ltr'><strong>ipsorum</strong></span> <span class='ocrx_word' id='word_1_252' title='bbox 2308 2974 2387 3037; x_wconf 84' lang='lat' dir='ltr'><strong>ad</strong></span> 
     </span>
     <span class='ocr_line' id='line_1_32' title="bbox 359 3060 2387 3147; baseline 0 -23"><span class='ocrx_word' id='word_1_253' title='bbox 359 3060 811 3126; x_wconf 90' lang='lat' dir='ltr'><strong>crudelitatem</strong></span> <span class='ocrx_word' id='word_1_254' title='bbox 875 3065 942 3126; x_wconf 94' lang='lat' dir='ltr'><strong>te</strong></span> <span class='ocrx_word' id='word_1_255' title='bbox 1007 3066 1195 3126; x_wconf 90' lang='lat' dir='ltr'><strong>acuet</strong></span> <span class='ocrx_word' id='word_1_256' title='bbox 1254 3062 1513 3127; x_wconf 75' lang='lat' dir='ltr'><strong>oratio?</strong></span> <span class='ocrx_word' id='word_1_257' title='bbox 1611 3063 1831 3147; x_wconf 89' lang='lat' dir='ltr'><strong>Atque</strong></span> <span class='ocrx_word' id='word_1_258' title='bbox 1884 3062 1956 3127; x_wconf 91' lang='lat' dir='ltr'><strong>in</strong></span> <span class='ocrx_word' id='word_1_259' title='bbox 2006 3061 2131 3127; x_wconf 89' lang='lat' dir='ltr'><strong>hac</strong></span> <span class='ocrx_word' id='word_1_260' title='bbox 2190 3083 2387 3126; x_wconf 86' lang='lat' dir='ltr'><strong>causa</strong></span> 
     </span>
     <span class='ocr_line' id='line_1_33' title="bbox 356 3148 2385 3235; baseline 0.001 -24"><span class='ocrx_word' id='word_1_261' title='bbox 356 3169 491 3212; x_wconf 88' lang='lat' dir='ltr'><strong>non</strong></span> <span class='ocrx_word' id='word_1_262' title='bbox 544 3148 710 3212; x_wconf 88' lang='lat' dir='ltr'><strong>nihil</strong></span> <span class='ocrx_word' id='word_1_263' title='bbox 766 3149 1088 3233; x_wconf 90' lang='lat' dir='ltr'><strong>equidem,</strong></span> <span class='ocrx_word' id='word_1_264' title='bbox 1141 3149 1427 3235; x_wconf 85' lang='lat' dir='ltr'><strong>Tubero,</strong></span> <span class='ocrx_word' id='word_1_265' title='bbox 1484 3151 1683 3215; x_wconf 87' lang='lat' dir='ltr'><strong>etiam</strong></span> <span class='ocrx_word' id='word_1_266' title='bbox 1739 3154 1947 3231; x_wconf 89' lang='lat' dir='ltr'><strong>tuam,</strong></span> <span class='ocrx_word' id='word_1_267' title='bbox 2004 3149 2119 3213; x_wconf 92' lang='lat' dir='ltr'><strong>sed</strong></span> <span class='ocrx_word' id='word_1_268' title='bbox 2175 3150 2385 3213; x_wconf 91' lang='lat' dir='ltr'><strong>multo</strong></span> 
     </span>
     <span class='ocr_line' id='line_1_34' title="bbox 357 3234 2388 3323; baseline 0.001 -24"><span class='ocrx_word' id='word_1_269' title='bbox 357 3234 568 3320; x_wconf 90' lang='lat' dir='ltr'><strong>magis</strong></span> <span class='ocrx_word' id='word_1_270' title='bbox 603 3236 812 3320; x_wconf 87' lang='lat' dir='ltr'><strong>patris</strong></span> <span class='ocrx_word' id='word_1_271' title='bbox 851 3237 951 3302; x_wconf 89' lang='lat' dir='ltr'><strong>tui</strong></span> <span class='ocrx_word' id='word_1_272' title='bbox 986 3237 1399 3321; x_wconf 88' lang='lat' dir='ltr'><strong>prudentiam</strong></span> <span class='ocrx_word' id='word_1_273' title='bbox 1437 3238 1747 3323; x_wconf 78' lang='lat' dir='ltr'><strong>desidem,</strong></span> <span class='ocrx_word' id='word_1_274' title='bbox 1784 3238 1957 3323; x_wconf 93' lang='lat' dir='ltr'><strong>quod</strong></span> <span class='ocrx_word' id='word_1_275' title='bbox 1999 3236 2199 3302; x_wconf 89' lang='lat' dir='ltr'><strong>homo</strong></span> <span class='ocrx_word' id='word_1_276' title='bbox 2238 3259 2388 3301; x_wconf 92' lang='lat' dir='ltr'><strong>cum</strong></span> 
     </span>
     <span class='ocr_line' id='line_1_35' title="bbox 357 3323 2463 3411; baseline 0.001 -24"><span class='ocrx_word' id='word_1_277' title='bbox 357 3323 641 3407; x_wconf 89' lang='lat' dir='ltr'><strong>ingenio,</strong></span> <span class='ocrx_word' id='word_1_278' title='bbox 672 3327 816 3387; x_wconf 90' lang='lat' dir='ltr'><strong>tum</strong></span> <span class='ocrx_word' id='word_1_279' title='bbox 843 3324 1043 3388; x_wconf 89' lang='lat' dir='ltr'><strong>etiam</strong></span> <span class='ocrx_word' id='word_1_280' title='bbox 1072 3325 1371 3389; x_wconf 90' lang='lat' dir='ltr'><strong>doctrina</strong></span> <span class='ocrx_word' id='word_1_281' title='bbox 1398 3326 1734 3410; x_wconf 86' lang='lat' dir='ltr'><strong>excellens,</strong></span> <span class='ocrx_word' id='word_1_282' title='bbox 1762 3346 1967 3411; x_wconf 90' lang='lat' dir='ltr'><strong>genus</strong></span> <span class='ocrx_word' id='word_1_283' title='bbox 1994 3324 2120 3390; x_wconf 89' lang='lat' dir='ltr'><strong>hoc</strong></span> <span class='ocrx_word' id='word_1_284' title='bbox 2150 3346 2385 3389; x_wconf 89' lang='lat' dir='ltr'><strong>causae</strong></span> <span class='ocrx_word' id='word_1_285' title='bbox 2410 3332 2463 3373; x_wconf 75' lang='lat'><strong>⁸⁵</strong></span> 
     </span>
     <span class='ocr_line' id='line_1_36' title="bbox 360 3409 2385 3499; baseline 0.003 -27"><span class='ocrx_word' id='word_1_286' title='bbox 360 3409 534 3491; x_wconf 90' lang='lat' dir='ltr'><strong>quod</strong></span> <span class='ocrx_word' id='word_1_287' title='bbox 561 3413 750 3493; x_wconf 89' lang='lat' dir='ltr'><strong>esset,</strong></span> <span class='ocrx_word' id='word_1_288' title='bbox 767 3432 902 3475; x_wconf 93' lang='lat' dir='ltr'><strong>non</strong></span> <span class='ocrx_word' id='word_1_289' title='bbox 917 3412 1172 3476; x_wconf 82' lang='lat' dir='ltr'><strong>viderit.</strong></span> <span class='ocrx_word' id='word_1_290' title='bbox 1227 3411 1419 3497; x_wconf 88' lang='lat' dir='ltr'><strong>Nam,</strong></span> <span class='ocrx_word' id='word_1_291' title='bbox 1449 3414 1506 3477; x_wconf 91' lang='lat' dir='ltr'><strong>si</strong></span> <span class='ocrx_word' id='word_1_292' title='bbox 1523 3414 1811 3499; x_wconf 84' lang='lat' dir='ltr'><strong>vidisset,</strong></span> <span class='ocrx_word' id='word_1_293' title='bbox 1840 3413 2067 3499; x_wconf 85' lang='lat' dir='ltr'><strong>quovis</strong></span> <span class='ocrx_word' id='word_1_294' title='bbox 2087 3412 2385 3497; x_wconf 84' lang='lat' dir='ltr'><strong>profecto</strong></span> 
     </span>
     <span class='ocr_line' id='line_1_37' title="bbox 362 3497 1729 3583; baseline 0.007 -25"><span class='ocrx_word' id='word_1_295' title='bbox 362 3516 560 3576; x_wconf 90' lang='lat' dir='ltr'><strong>quam</strong></span> <span class='ocrx_word' id='word_1_296' title='bbox 604 3497 734 3562; x_wconf 89' lang='lat' dir='ltr'><strong>isto</strong></span> <span class='ocrx_word' id='word_1_297' title='bbox 781 3498 973 3563; x_wconf 92' lang='lat' dir='ltr'><strong>modo</strong></span> <span class='ocrx_word' id='word_1_298' title='bbox 1023 3520 1062 3562; x_wconf 92' lang='lat' dir='ltr'><strong>a</strong></span> <span class='ocrx_word' id='word_1_299' title='bbox 1106 3502 1172 3561; x_wconf 88' lang='lat' dir='ltr'><strong>te</strong></span> <span class='ocrx_word' id='word_1_300' title='bbox 1220 3499 1331 3583; x_wconf 88' lang='lat' dir='ltr'><strong>agi</strong></span> <span class='ocrx_word' id='word_1_301' title='bbox 1374 3501 1729 3567; x_wconf 87' lang='lat' dir='ltr'><strong>maluisset.</strong></span> 
     </span>
    </p>
   </div>
  </div>
 </body>
</html>
