2550 3875
923 171 1078 228 CAP.
1120 179 1256 227 1-2
1294 179 1327 239 ς
1367 180 1521 228 1-3.
2115 175 2245 239 115

198 331 412 416 solue,
473 336 649 397 certe
703 332 1162 419 ignosceretis3
1217 334 1477 399 etiamsi
1532 335 1730 418 paulo
1785 335 2001 400 minus
2056 336 2243 401 utilis

199 420 390 485 vobis
429 420 757 485 sententia
793 421 1140 506 videretur,
1176 424 1436 489 veniam
1464 427 1688 488 tamen
1715 424 2005 508 aliquam
2031 424 2245 489 dolori

198 530 350 574 meo
404 508 802 574 tribueretis.
902 508 1096 575 Nunc
1149 532 1333 593 vero,
1391 515 1612 595 patres
1671 512 2055 596 conscripti,
2108 534 2245 577 non

196 618 404 682 parva
467 597 737 662 adficior
796 598 1165 683 voluptate,
1228 562 1334 665 vel
1400 600 1573 682 quod
1630 600 1759 664 hoc
1812 599 2092 665 maxime
2147 600 2243 665 rei

137 699 170 741 ⁵
194 686 501 770 publicae
548 686 870 769 conducit,
918 685 1178 771 Syriam
1221 686 1798 772 Macedoniamque
1845 688 2124 772 decerni,
2167 692 2244 752 ut

197 774 387 839 dolor
441 795 625 839 meus
679 772 848 839 nihil
903 796 944 839 a
997 776 1327 840 communi
1379 775 1671 841 utilitate
1727 776 2093 860 dissentiat,
2138 776 2243 841 vel

196 862 376 946 quod
419 862 633 927 habeo
681 866 1015 928 auctorem
1059 862 1132 927 P.
1179 862 1548 948 Servilium,
1594 865 1709 948 qui
1756 869 1908 930 ante
1949 886 2054 929 me
2102 886 2243 929 sen-

196 951 478 1015 tentiam
519 950 702 1034 dixit,
748 950 962 1015 virum
1001 950 1439 1017 clarissimum
1474 956 1541 1015 et
1579 974 1727 1017 cum
1762 954 1833 1017 in
1869 953 2242 1019 universam

195 1060 339 1103 rem
384 1038 734 1123 publicam,
780 1042 924 1104 tum
971 1040 1174 1105 etiam
1219 1062 1375 1126 erga
1418 1062 1633 1106 meam
1679 1040 1960 1105 salutem
2000 1041 2125 1106 fide
2164 1062 2241 1105 ac

108 1142 168 1184 ²0
194 1126 642 1192 benivolentia
696 1126 1032 1212 singulari.
1125 1128 1375 1205 Quodsi
1424 1129 1535 1193 ille
1583 1132 1650 1193 et
1692 1129 1889 1213 paulo
1938 1132 2118 1211 ante,
2173 1133 2240 1193 et
2260 1141 2293 1188 2

197 1214 785 1299 quotienscumque
859 1216 920 1280 ei
990 1215 1173 1280 locus
1247 1217 1502 1281 dicendi
1576 1238 1653 1283 ac
1723 1220 2021 1301 potestas
2093 1216 2240 1300 fuit,

201 1302 556 1369 Gabinium
611 1307 679 1368 et
733 1301 1068 1387 Pisonem,
1122 1304 1248 1369 duo
1304 1305 1401 1369 rei
1454 1305 1756 1389 publicae
1811 1308 2121 1388 portenta
2165 1326 2241 1368 ac

194 1413 404 1476 paene
447 1390 704 1474 funera,
751 1412 898 1457 cum
942 1396 1215 1476 propter
1260 1392 1424 1457 alias
1473 1415 1721 1476 causas,
1771 1397 1915 1457 tum
1959 1393 2240 1457 maxime

193 1483 470 1565 propter
523 1480 687 1544 illud
742 1479 1000 1565 insigne
1057 1480 1268 1545 scelus
1317 1502 1543 1546 eorum
1590 1485 1658 1546 et
1701 1482 2125 1565 inportunam
2170 1481 2241 1545 in

106 1583 165 1625 ²5
194 1591 303 1633 me
360 1567 815 1633 crudelitatem
859 1590 994 1633 non
1039 1569 1256 1633 solum
1302 1569 1631 1634 sententia
1676 1591 1821 1653 sua,
1877 1570 1992 1634 sed
2038 1569 2241 1633 etiam

193 1656 548 1723 verborum
613 1657 942 1742 gravitate
1012 1678 1154 1721 esse
1216 1658 1543 1722 notandos
1600 1658 1889 1742 putavit,
1955 1679 2241 1740 quonam

192 1767 302 1810 me
349 1745 567 1809 animo
615 1744 686 1808 in
733 1765 843 1810 eos
891 1766 1034 1809 esse
1081 1749 1363 1831 oportet,
1415 1746 1599 1810 cuius
1644 1746 1746 1810 illi
1792 1746 2075 1810 salutem
2118 1767 2239 1829 pro

81 1896 88 1903 ·
193 1834 507 2008 ἓῖῗοέἕο
547 1832 1516 1988 Ἑᾱὲἶῖᾚζῂἒὲῇῗὲἒέἓὲἒέ
1557 1856 1701 1988 1531?
1704 1834 1994 2007 2333?
1997 1833 2241 1987 iffi}

104 2027 164 2069 :eo
193 2033 363 2093 me0,
393 2032 529 2075 non
554 2010 924 2075 iracundiae
955 2012 1253 2075 serviam.
1347 2010 1491 2087 Quo
1520 2012 1739 2076 animo
1766 2032 1934 2076 unus
1964 2011 2239 2094 quisque

193 2103 490 2163 vestrum
527 2099 721 2162 debet
757 2119 899 2163 esse
935 2099 1008 2163 in
1042 2099 1214 2182 illos,
1249 2099 1378 2164 hoc
1415 2121 1556 2184 er03
1590 2099 2015 2184 praecipuum
2050 2098 2241 2162 illum

195 2191 266 2252 et
328 2187 670 2272 proprium
735 2208 998 2251 sensum
1063 2186 1309 2252 doloris
1374 2188 1531 2272 mei,
1596 2208 1789 2271 quem
1844 2191 2069 2252 tamen
2120 2208 2238 2252 vos

194 2297 611 2341 communem
656 2296 913 2358 semper
960 2275 1146 2340 vobis
1192 2297 1449 2340 mecum
1496 2297 1638 2341 esse
1680 2275 1978 2359 duxistis,
2026 2297 2066 2339 a
2100 2295 2241 2339 sen-

191 2364 409 2428 tentia
454 2363 725 2428 dicenda
769 2363 1085 2428 amovebo
1095 2415 1115 2448 ,
1166 2364 1247 2428 ad
1293 2364 1650 2429 ulciscendi
1695 2368 1995 2447 tempora
2037 2385 2241 2428 reser-

102 2477 162 2518 25
190 2453 383 2518 vabo.

332 2539 661 2616 Quattuor
724 2543 881 2605 sunt
942 2540 1344 2624 provinciae,
1414 2542 1637 2624 patres
1704 2538 2086 2622 conscripti,
2160 2538 2237 2604 de
2258 2516 2303 2580 2

192 2628 435 2712 quibus
483 2627 693 2693 adhuc
738 2627 1053 2713 intellego
1101 2628 1461 2692 sententias
1509 2648 1652 2693 esse
1699 2627 1934 2711 dictas,
1983 2625 2237 2712 Galliae
2258 2607 2290 2655 3

191 2717 387 2800 duae,
451 2738 614 2800 quas
678 2716 805 2781 hoc
867 2719 1163 2800 tempore
1223 2738 1355 2780 uno
1409 2716 1686 2800 imperio
1745 2716 2037 2780 videmus
2095 2736 2236 2780 esse

191 2805 606 2887 coniunctas,
652 2808 720 2869 et
767 2803 959 2888 Syria
1003 2809 1071 2869 et
1115 2803 1515 2888 Macedonia,
1563 2825 1735 2888 quas
1771 2803 1961 2869 vobis
2008 2801 2234 2867 invitis

100 2919 162 2960 so
192 2897 265 2958 et
319 2892 649 2977 oppressis
703 2891 1003 2977 pestiferi
1056 2891 1156 2957 illi
1212 2893 1513 2958 consules
1567 2914 1688 2976 pro
1744 2912 2085 2976 perversae
2140 2891 2237 2954 rei

187 2981 492 3066 publicae
555 2981 866 3065 praemiis
931 2985 1429 3064 occupaverunt.
1527 2978 1983 3046 Decernendae
2042 2978 2233 3043 nobis

189 3073 351 3134 sunt
393 3069 540 3154 lege
589 3067 976 3153 Sempronia
1019 3070 1201 3134 duae.
1296 3067 1467 3144 Quid
1512 3073 1633 3152 est,
1685 3067 1859 3152 quod
1902 3067 2232 3151 possimus

192 3162 272 3223 de
317 3155 510 3241 Syria
545 3156 1054 3259 Macedoniaque
1100 3156 1446 3222 dubitare?
1509 3155 1731 3241 Mitto,
1769 3153 1944 3240 quod
1981 3175 2089 3218 eas
2136 3155 2234 3218 ita

187 3249 415 3346 partas
459 3245 708 3310 habent
751 3245 820 3328 ii,
865 3246 979 3328 qui
1020 3267 1195 3310 nunc
1239 3246 1561 3328 optinent,
1605 3248 1683 3309 ut
1720 3265 1856 3308 non
1892 3246 2044 3306 ante
2082 3244 2233 3306 atti-

99 3357 160 3400 35
189 3333 426 3420 gerint,
455 3355 653 3419 quam
678 3334 853 3398 hunc
882 3333 1178 3398 ordinem
1196 3333 1710 3417 condemnarint,
1738 3352 1935 3416 quam
1954 3331 2232 3395 auctori-

190 3426 402 3486 tatem
454 3426 744 3487 vestram
798 3444 834 3486 e
890 3422 1156 3487 civitate
1212 3421 1738 3504 exterminarint,
1794 3441 1991 3504 quam
2035 3419 2230 3484 fidem

187 3509 549 3594 publicam,
614 3532 811 3594 quam
870 3515 1255 3595 perpetuam
1320 3510 1548 3595 populi
1593 3471 1876 3574 Romani
1932 3506 2230 3582 salutem,

1828 3609 1904 3665 8*
