2550 3875
856 193 1008 249 CAP.
1051 200 1187 248 1—3
1227 201 1257 260 s
1294 200 1451 249 3—8.
2041 195 2174 260 205

127 356 299 441 cius,
348 376 477 439 qua
521 355 845 441 dignitate
893 355 1236 440 superarit.
1310 355 1434 440 Ita,
1482 356 1539 421 si
1578 357 1733 422 cedo
1771 356 1949 422 illius
1989 379 2175 421 orna-

131 444 410 526 mentiS,
458 464 623 527 quae
667 444 878 509 multa
923 448 990 508 et
1036 465 1277 529 magna
1323 448 1494 527 sunt,
1538 467 1674 510 non
1719 445 1934 509 solum
1976 445 2174 509 huius

131 532 488 617 dignitatis
543 532 800 596 iactura
850 531 1148 596 facienda
1202 535 1332 616 est,
1388 531 1499 596 sed
1552 533 1752 597 etiam
1796 532 2173 616 largitionis

131 620 513 704 recipienda
557 620 844 703 suspicio
890 624 1021 704 est3
1067 620 1171 684 sin
1207 620 1385 684 hunc
1420 621 1520 684 illi
1558 624 1903 705 antepono,
1951 624 2174 685 contu-

77 733 106 773 5
137 709 418 773 meliosa
459 708 760 773 habenda
806 711 908 772 est
954 708 1185 792 oratio,
1231 712 1301 772 et
1345 708 1690 773 dicendum
1728 711 1831 772 est
1866 708 1951 791 id,
1999 709 2174 792 quod

135 797 256 861 ille
303 817 408 860 me
453 796 742 882 flagitat,
791 794 1214 860 Laterensem
1260 818 1302 860 a
1344 795 1614 861 Plancio
1662 796 1984 882 dignitate
2032 816 2173 861 esse

136 888 542 968 superatum.
639 884 750 949 Ita
813 888 928 949 aut
991 884 1376 949 amicissimi
1427 883 1715 949 hominis
1772 884 2172 949 existimatio

135 972 527 1038 offendenda
607 978 736 1055 est,
817 973 876 1037 si
955 972 1142 1037 illam
1215 973 1652 1037 accusationis
1728 973 2174 1037 condicionem

137 1083 409 1144 sequar,
455 1064 570 1125 aut
619 1061 866 1144 optime
914 1061 992 1125 de
1038 1082 1142 1124 me
1188 1061 1413 1125 meriti
1460 1061 1637 1126 salus
1686 1061 2057 1125 deserenda.

51 1175 106 1213 10
282 1147 410 1214 Sed
465 1170 617 1234 eg0,
680 1147 1058 1213 Laterensis
1066 1199 1085 1232 ,
1145 1170 1410 1213 caecum
1463 1169 1568 1213 me
1626 1152 1694 1212 et
1747 1149 2175 1232 praecipitem
2194 1149 2236 1212 3

135 1237 305 1301 ferri
360 1238 675 1302 confitear
726 1237 799 1301 in
853 1257 1075 1319 causa,
1130 1237 1188 1301 si
1241 1240 1309 1301 te
1366 1240 1481 1301 aut
1531 1260 1572 1301 a
1613 1235 1883 1301 Plancio
1931 1241 2045 1300 aut
2091 1236 2174 1300 ab

135 1326 283 1390 ullo
329 1325 651 1410 dignitate
697 1325 990 1408 potuisse
1037 1325 1334 1408 superari
1380 1325 1621 1389 dixero.
1693 1323 1929 1408 Itaque
1975 1324 2175 1388 disce-

137 1415 297 1478 dam
361 1415 442 1478 ab
499 1435 576 1478 ea
629 1413 1078 1497 contentione,
1142 1413 1224 1476 ad
1281 1433 1478 1496 quam
1530 1417 1607 1478 tu
1661 1434 1765 1476 me
1822 1433 2044 1494 vocaS,
2109 1416 2177 1476 et

137 1502 405 1566 veniam
467 1502 549 1565 ad
609 1502 820 1586 illam,
885 1501 966 1565 ad
1030 1523 1226 1584 quam
1286 1523 1390 1565 me
1446 1522 1643 1566 causa
1697 1501 1843 1584 ipsa
1897 1500 2177 1565 deducit.

53 1616 107 1656 15
140 1590 365 1666 Quid?
409 1592 487 1655 tu
531 1590 1040 1676 magistratuum
1085 1589 1433 1674 dignitatis
1469 1589 1747 1654 iudicem
1792 1593 1988 1671 putas
2035 1609 2176 1653 esse
2199 1599 2227 1647 7

136 1678 506 1762 populum?
588 1678 897 1743 Fortasse
949 1698 1086 1741 non
1128 1699 1489 1761 numquam
1536 1682 1664 1761 est3
1717 1677 1973 1740 utinam
2022 1698 2176 1740 vero

139 1788 405 1849 semper
452 1767 650 1831 esset!
747 1764 874 1830 Sed
921 1769 1022 1830 est
1066 1787 1335 1848 perraro
1384 1770 1477 1847 et,
1534 1765 1592 1829 si
1640 1764 1896 1849 quando
1944 1767 2064 1848 est,
2108 1765 2181 1828 in

137 1855 226 1918 iis
266 1854 768 1939 magistratibus
807 1858 908 1918 est
943 1853 1347 1936 mandandis,
1395 1853 1632 1938 quibus
1672 1851 1953 1917 salutem
1991 1874 2179 1916 suam

141 1944 480 2008 committi
533 1947 751 2026 putat3
803 1942 910 2007 his
963 1942 1321 2008 levioribus
1379 1942 1664 2008 comitiis
1719 1940 2063 2028 diligentia
2110 1946 2179 2005 et

55 2058 112 2098 20
139 2031 365 2117 gratia
415 2032 776 2116 petitorum
826 2031 1039 2095 honos
1092 2031 1375 2114 paritur,
1430 2052 1565 2095 non
1618 2030 1704 2094 iis
1757 2029 2179 2113 ornamentis,

141 2142 312 2203 quae
382 2141 522 2184 esse
587 2119 659 2183 in
718 2123 786 2183 te
850 2119 1164 2183 videmus.
1254 2117 1433 2183 Nam
1497 2118 1673 2202 quod
1726 2118 1809 2182 ad
1861 2117 2178 2202 populum

136 2208 452 2291 pertinet,
497 2228 754 2289 semper
799 2205 1144 2291 dignitatis
1189 2207 1455 2290 iniquus
1500 2206 1695 2270 iudex
1740 2209 1861 2289 est,
1909 2206 2023 2289 qui
2061 2210 2176 2269 aut

136 2295 394 2361 invidet
431 2297 548 2359 aut
590 2294 786 2360 favet.
871 2293 1283 2378 Quamquam
1317 2294 1485 2359 nihil
1522 2298 1713 2378 potes
1750 2294 1822 2358 in
1857 2298 1943 2377 te,
1988 2292 2178 2358 Late-

138 2384 385 2466 rensiS,
449 2384 876 2467 constituere,
941 2383 1114 2466 quod
1179 2383 1269 2447 sit
1331 2382 1673 2466 proprium
1735 2381 1948 2446 laudis
2005 2386 2176 2465 tuae,

54 2498 108 2537 25
141 2471 308 2555 quin
370 2471 438 2535 id
499 2471 628 2535 tibi
689 2472 781 2535 sit
844 2492 1187 2535 commune
1251 2493 1401 2535 cum
1463 2469 1752 2535 Plancio.
1855 2468 1986 2535 Sed
2045 2470 2174 2535 hoc
2194 2480 2226 2527 8

137 2564 367 2625 totum
413 2563 647 2645 agetur
691 2558 822 2623 alio
867 2559 1043 2643 loco;
1086 2580 1259 2623 nunc
1306 2562 1568 2623 tantum
1614 2558 1878 2642 disputo
1918 2558 2053 2623 de
2035 2580 2176 2623 iure

141 2647 402 2732 populi,
459 2647 573 2730 qui
626 2650 695 2712 et
746 2650 970 2747 potest
1026 2650 1094 2711 et
1139 2646 1311 2712 solet
1354 2668 1489 2711 non
1532 2668 1894 2730 numquam
1940 2646 2177 2730 dignos

137 2735 532 2819 praeterire3
573 2756 713 2817 nec,
761 2735 818 2799 si
860 2756 901 2798 a
935 2734 1179 2819 populo
1215 2734 1613 2819 praeteritus
1653 2738 1773 2817 est,
1811 2755 2008 2817 quem
2043 2756 2178 2798 non

141 2823 463 2907 oportuit,
499 2845 539 2888 a
576 2786 898 2888 iudicibus
929 2822 1454 2887 condemnandus
1482 2826 1602 2900 est,
1641 2822 1753 2906 qui
1780 2822 2176 2905 praeteritus

57 2935 114 2976 30
139 2934 280 2976 non
317 2913 439 2975 est.
511 2909 707 2997 Nam,
751 2911 811 2975 si
850 2911 948 2975 ita
984 2914 1175 2994 esset,
1214 2911 1387 2995 quod
1423 2915 1646 2993 patres
1688 2909 1859 2993 apud
1896 2908 2177 2973 maiores

139 3003 414 3065 nostros
459 3002 681 3063 tenere
716 3020 852 3064 non
885 3001 1259 3083 potuerunt,
1304 3001 1383 3062 ut
1418 2997 1919 3082 reprehensores
1957 3000 2177 3061 essent

143 3087 586 3169 comitiorum,
621 3087 690 3151 id
722 3086 1043 3151 haberent
1079 3087 1345 3170 iudices,
1379 3087 1485 3151 vel
1524 3086 1698 3169 quod
1736 3085 1947 3149 multo
1977 3084 2178 3148 etiam

143 3176 364 3239 minus
422 3179 597 3240 esset
647 3174 1002 3239 ferendum.
1075 3174 1244 3239 Tum
1298 3174 1474 3239 enim
1528 3173 1994 3257 magistratum
2043 3193 2178 3237 non

143 3264 423 3347 gerebat
464 3263 553 3346 is,
606 3263 719 3346 qui
764 3266 1044 3347 ceperat,
1091 3263 1150 3327 si
1192 3266 1417 3346 patres
1464 3266 1762 3326 auctores
1808 3281 1945 3324 non
1989 3263 2178 3324 erant

57 3376 112 3417 35
142 3352 336 3435 facti3
397 3372 573 3415 nunc
633 3351 1008 3435 postulatur
1069 3372 1110 3415 a
1161 3351 1380 3433 vobis,
1441 3353 1519 3414 ut
1574 3350 1712 3414 eius
1770 3348 2000 3431 exitio,
2066 3348 2179 3431 qui

141 3443 407 3503 creatus
473 3438 592 3523 sit,
662 3438 974 3503 iudicium
1037 3438 1264 3523 populi
1324 3436 1606 3502 Romani
1670 3435 2179 3520 reprehendatis.

140 3526 410 3611 Itaque,
464 3547 889 3611 quamquam,
943 3547 1070 3610 qua
1120 3525 1332 3609 nolui,
1386 3526 1582 3589 ianua
1636 3545 1782 3588 sum
1836 3524 2177 3609 ingressus
