2550 3875
334 135 416 199 10
915 131 1058 186 PRO
1096 131 1157 187 P.
1196 130 1443 186 SESTIO
1482 129 1770 186 ORATIO.

330 296 622 381 opinioni
673 294 1023 361 nobilitate
1070 294 1239 377 ipsa,
1297 293 1536 357 blanda
1590 291 2132 376 conciliatricula,
2195 313 2394 357 com-

328 386 691 450 mendatus·
782 382 1027 447 Omnes
1061 382 1222 446 boni
1264 402 1519 464 semper
1554 380 1892 445 nobilitati
1937 380 2257 464 favemuS,
2312 385 2392 445 et

327 474 485 557 quia
517 472 681 536 utile
719 474 820 535 est
857 470 952 534 rei
987 470 1288 554 publicae
1319 469 1573 533 nobiles
1609 468 1908 534 homines
1945 488 2088 533 esse
2127 468 2390 553 dignos

328 560 685 625 maioribus
733 559 897 642 suiS,
951 562 1019 623 et
1066 558 1220 641 quia
1263 558 1440 621 valet
1487 557 1659 640 apud
1709 577 1831 620 nos
1878 557 2209 621 clarorum
2255 557 2394 621 ho-

329 649 579 713 minum
640 650 709 711 et
769 647 933 711 bene
998 646 1076 710 de
1139 668 1209 710 re
1269 644 1536 729 publica
1596 644 1982 709 meritorum
2045 646 2394 709 memoria
2450 668 2480 707 5

330 737 532 801 etiam
589 739 1019 799 mortuorum.
1112 732 1282 810 Quia
1334 733 1594 797 tristem
1650 754 1931 817 semper,
1997 732 2151 816 quia
2209 734 2394 797 taci-

331 830 624 907 turnum,
684 822 838 906 quia
893 822 1354 887 subhorridum
1409 824 1604 904 atque
1658 820 1981 885 incultum
2033 820 2394 905 videbant,

330 916 398 976 et
436 911 608 996 quod
654 914 796 975 erat
832 932 909 975 eo
946 910 1226 993 nomine,
1271 913 1348 974 ut
1393 909 1777 993 ingenerata
1811 908 2099 973 familiae
2144 908 2395 995 fruga-

328 1001 485 1064 litas
520 999 868 1083 videretur,
903 998 1230 1081 favebant,
1272 998 1646 1082 gaudebant
1683 1000 1750 1061 et
1787 997 1870 1061 ad
1906 997 2394 1083 integritatem

329 1088 653 1153 maiorum
700 1108 815 1171 spe
861 1108 980 1151 sua
1027 1086 1362 1151 hominem
1405 1085 1730 1150 vocabant
1773 1084 2055 1149 materni
2102 1087 2392 1170 generis
2424 1114 2480 1153 ιο

238 1186 308 1236 22
332 1176 541 1241 obliti.
631 1175 778 1261 Ego
794 1171 1047 1263 gautem
1094 1172 1271 1259 (vere
1318 1173 1547 1257 dicam,
1591 1171 1866 1256 iudices)
1913 1177 2174 1238 tantum
2224 1196 2392 1240 esse

327 1267 400 1329 in
425 1264 689 1329 homine
728 1263 1010 1347 sceleris,
1038 1261 1362 1345 audaciae,
1400 1261 1825 1344 crudelitatiS,
1865 1265 2188 1344 quantum
2223 1262 2394 1346 ipse

331 1375 480 1418 cum
526 1375 595 1417 re
641 1351 907 1436 publica
952 1350 1144 1433 sensi,
1187 1371 1546 1433 numquam
1590 1350 1849 1434 putavi3
1893 1370 2178 1433 nequam
2224 1372 2393 1417 esse

327 1440 663 1506 hominem
700 1443 768 1505 et
803 1439 1014 1503 levem
1050 1441 1119 1501 et
1152 1437 1322 1501 falsa
1360 1438 1664 1521 opinione
1703 1439 1976 1518 [errore]
2019 1438 2394 1504 hominum

330 1529 413 1594 ab
462 1527 903 1593 adulescentia
950 1526 1474 1591 commendatum
1520 1525 1822 1591 sciebam.
1911 1525 2184 1591 Etenim
2228 1529 2388 1591 ani-
2422 1555 2478 1595 15

330 1638 476 1681 mus
542 1616 679 1680 eius
745 1615 963 1698 vultu,
1026 1613 1279 1699 flagitia
1341 1614 1703 1698 parietibus
1767 1614 2190 1699 tegebantur3
2255 1618 2395 1681 sed

328 1704 491 1768 haec
546 1703 913 1787 opstructio
966 1724 1087 1767 nec
1141 1702 1450 1767 diuturna
1493 1705 1594 1769 est
1647 1722 1856 1785 neque
1913 1702 2200 1767 obducta
2253 1704 2394 1789 ita,

228 1791 312 1855 10
330 1795 408 1856 ut
472 1791 747 1857 curiosis
814 1790 1019 1855 oculis
1082 1790 1366 1874 perspici
1429 1812 1564 1855 non
1623 1789 1852 1874 possit.
1959 1787 2392 1857 Videbamus

332 1900 539 1966 genus
568 1879 761 1964 vitae,
798 1878 1129 1963 desidiam,
1165 1878 1501 1964 inertiam3
1537 1878 1822 1944 inclusas
1861 1878 2000 1944 eius
2036 1878 2392 1966 libidines,

333 1968 447 2053 qui
502 1968 699 2052 paulo
755 1968 1023 2052 propius
1078 1971 1512 2050 accesserant,
1570 1966 2022 2052 intuebantur3
2087 1967 2391 2052 denique
2423 1998 2482 2036 20

332 2057 533 2121 etiam
599 2077 812 2120 sermo
874 2055 1069 2120 nobis
1137 2076 1330 2120 ansas
1398 2055 1624 2139 dabat,
1697 2055 1933 2139 quibus
1988 2056 2391 2124 reconditos

239 2154 310 2204 23
332 2146 471 2208 eius
520 2165 749 2209 sensus
796 2148 1015 2208 tenere
1060 2164 1421 2228 possemus
1511 2141 1856 2208 Laudabat
1891 2144 2090 2208 homo
2129 2144 2390 2212 doctus

330 2232 759 2316 philosophos
811 2232 1033 2296 nescio
1081 2253 1243 2315 quos
1290 2253 1499 2315 neque
1545 2252 1773 2296 eorum
1818 2235 2042 2296 tamen
2095 2233 2394 2298 nomina

328 2323 592 2404 poterat
638 2320 882 2402 dicere,
946 2319 1057 2384 sed
1104 2323 1327 2384 tamen
1370 2341 1482 2384 eos
1527 2319 1839 2384 laudabat
1885 2319 2197 2403 maxime,
2255 2325 2393 2404 qui

330 2408 636 2472 dicuntur
689 2411 951 2492 praeter
1004 2411 1258 2472 ceteros
1317 2429 1459 2472 esse
1515 2411 1814 2472 auctores
1869 2411 1938 2472 et
1991 2408 2391 2494 laudatores
2423 2438 2484 2480 25

329 2495 718 2579 voluptatis3
774 2496 955 2561 cuius
1011 2500 1078 2559 et
1132 2517 1262 2579 quo
1319 2500 1612 2579 tempore
1667 2498 1736 2560 et
1781 2517 1909 2579 quo
1957 2495 2179 2579 mode,
2235 2502 2394 2564 n‘on

330 2583 713 2667 quaerebat,
768 2584 1039 2647 verbum
1084 2584 1303 2666 ipsum
1354 2583 1654 2648 omnibus
1702 2583 1904 2648 animi
1947 2588 2017 2649 et
2071 2588 2391 2668 corporis

318 2671 609 2753 partibus
652 2670 1023 2755 devorarat3
1080 2672 1466 2755 eosdemque
1512 2671 1840 2755 praeclare
1888 2672 2100 2737 dicere
2145 2673 2394 2740 aiebat

330 2759 645 2844 sapientis
704 2759 927 2824 omnia
972 2781 1091 2823 sua
1144 2781 1340 2824 causa
1394 2758 1635 2844 facere,
1693 2781 1832 2824 rem
1876 2760 2213 2844 publicam
2273 2785 2392 2828 ca-

329 2869 588 2932 pessere
624 2847 959 2913 hominem
1004 2848 1169 2912 bene
1208 2847 1438 2912 sanum
1475 2869 1610 2912 non
1647 2852 1964 2932 oportere,
2007 2848 2175 2912 nihil
2226 2871 2392 2918 esse
2423 2879 2490 2919 so

328 2935 794 3019 praestabilius
852 2935 1069 3001 otiosa
1112 2935 1251 2999 vita
1304 2936 1498 3018 plena
1551 2939 1620 3000 et
1673 2935 1968 3001 conferta
2012 2937 2391 3020 voluptati-

327 3024 479 3106 bus3
544 3045 657 3089 eos
712 3027 958 3107 autem,
1014 3023 1127 3107 qui
1180 3022 1472 3089 dicerent
1526 3023 1836 3108 dignitati
1889 3045 2030 3089 esse
2085 3027 2391 3093 servien-

330 3111 512 3194 dum,
575 3111 671 3176 rei
726 3111 1026 3195 publicae
1091 3111 1584 3194 consulendum,
1650 3111 1851 3176 officii
1909 3112 2239 3198 rationem
2307 3116 2394 3182 in

332 3200 512 3263 omni
548 3199 706 3282 vita,
750 3221 884 3264 non
930 3199 1255 3264 commodi
1304 3220 1446 3262 esse
1485 3199 1860 3284 ducendam,
1907 3199 2203 3266 adeunda
2249 3225 2390 3286 pro

328 3287 547 3369 patria
593 3286 910 3370 pericula,
964 3287 1235 3350 vulnera
1277 3285 1683 3370 excipienda,
1728 3291 2014 3353 mortem
2060 3294 2392 3374 oppeten-
2421 3318 2492 3362 aa

222 3392 295 3442 24
330 3373 507 3456 dam,
564 3373 908 3438 vaticinari
963 3377 1159 3456 atque
1214 3373 1500 3438 insanire
1547 3374 1821 3439 dicebat.
1910 3375 2014 3440 Ex
2057 3376 2163 3441 his
2213 3383 2394 3446 assi-

333 3459 478 3523 duis
526 3459 665 3524 eius
713 3460 1187 3543 cotidianisque
1214 3461 1665 3545 sermonibus,
1714 3466 1782 3527 et
1828 3465 2002 3548 quod
2047 3465 2392 3546 videbam,
