2550 3875
269 141 401 205 456
539 141 618 194 IN
656 142 732 196 M.
768 139 1160 195 ANTONIUM
1196 139 1464 196 ORATIO
1502 139 1912 194 PHILIPPICA
1949 137 2019 194 V.

169 283 246 346 19
402 300 580 378 Quae
628 324 778 367 cum
822 303 919 366 ita
964 302 1125 387 sint,
1177 302 1255 366 de
1305 300 1580 368 Caesare
1629 301 1791 366 satis
1837 301 1964 366 hoc
2010 304 2306 384 tempore

179 373 247 422 ⁵²
268 391 517 456 dictum
552 390 831 455 habebo.
903 389 1043 455 Nec
1079 412 1234 455 vero
1273 391 1352 455 de
1386 390 1459 454 L.
1486 389 1903 475 Egnatuleio,
1940 387 2306 454 fortissimo

267 483 336 543 et
409 478 944 544 constantissimo
1020 478 1148 544 civi
1221 479 1746 562 amicissimoque
1819 477 1915 542 rei
1986 476 2308 561 publicae,

267 566 590 631 silendum
638 567 943 650 arbitror,
990 567 1102 631 sed
1148 567 1566 632 tribuendum
1608 566 2065 632 testimonium
2101 564 2307 630 virtu-

266 654 355 718 tis
404 654 733 739 egregiae,
781 617 954 739 quod
999 655 1057 719 is
1103 655 1433 742 legionem
1481 659 1784 740 quartam
1829 654 1911 718 ad
1957 651 2307 719 Caesarem
2359 675 2388 718 ε

268 742 625 827 adduxerit,
664 765 827 827 quae
856 743 1183 828 praesidio
1214 744 1609 827 consulibus,
1647 742 1905 808 senatui
1930 742 2308 826 populoque

136 847 144 858 ’
267 828 566 895 Romano
603 830 826 915 reique
863 832 1163 916 publicae
1201 836 1402 916 esset3
1441 833 1524 896 ob
1565 853 1709 898 eam
1738 852 2002 897 causam
2028 830 2309 914 placere,

265 919 367 984 uti
423 917 496 983 L.
539 919 939 1004 Egnatuleio
995 919 1351 984 triennium
1407 923 1559 984 ante
1614 919 1989 1005 legitimum
2043 922 2307 1001 tempus

267 1006 697 1092 magistratus
760 1012 1013 1108 petere,
1076 1029 1334 1091 capere,
1399 1023 1623 1093 gerere
1687 1007 1902 1072 liceat.
2009 1005 2092 1070 In
2155 1027 2308 1090 quo,

265 1099 487 1179 patres
552 1095 935 1180 conscripti,
996 1117 1130 1160 non
1190 1099 1452 1160 tantum
1518 1095 1934 1195 commodum
1986 1093 2310 1158 tribuitur
2338 1116 2396 1158 10

266 1181 338 1246 L.
382 1183 809 1285 Egnatuleio,
866 1187 1151 1268 quantus
1205 1183 1446 1268 honos3
1499 1185 1571 1249 in
1625 1183 1746 1248 tali
1802 1182 1978 1248 enim
2022 1204 2092 1247 re
2139 1182 2310 1248 satis

266 1275 369 1336 est
412 1271 757 1338 nominari.

178 1383 246 1432 53
398 1358 499 1424 De
560 1359 850 1425 exercitu
909 1363 1129 1424 autem
1184 1358 1253 1425 Ο.
1303 1358 1600 1426 Caesaris
1655 1360 1751 1424 ita
1807 1380 2036 1425 censeo
2092 1358 2310 1424 decer-

263 1448 580 1513 nundum:
674 1447 957 1512 senatui
1028 1448 1285 1532 placere
1358 1449 1682 1512 militibus
1754 1447 2108 1531 veteranis,
2190 1448 2310 1532 qui

267 1534 567 1601 Caesaris
620 1536 955 1620 pontificis
1007 1537 1435 1602 auctoritatem
1477 1538 1668 1602 secuti
1712 1536 2048 1601 h‘bertatem
2081 1536 2310 1617 populi
2339 1555 2397 1598 15

264 1623 541 1688 Romani
625 1624 1213 1708 auctoritatemque
1299 1624 1494 1689 huius
1579 1623 1826 1688 ordinis
1897 1623 2311 1689 defenderint

266 1718 465 1795 atque
511 1711 879 1796 defendant,
923 1713 1007 1777 iis
1052 1712 1408 1796 liberisque
1446 1734 1672 1776 eorum
1707 1712 1984 1777 militiae
2020 1711 2308 1777 vacatio-

264 1822 416 1864 nem
463 1820 632 1884 esse,
676 1801 904 1884 utique
952 1798 1022 1866 Ο.
1067 1800 1285 1866 Pansa
1327 1799 1408 1865 A.
1453 1799 1713 1865 Hirtius
1762 1801 2062 1866 consules
2071 1851 2089 1884 ,
2135 1800 2310 1865 alter

266 1889 567 1974 ambove,
626 1888 686 1954 si
743 1889 837 1955 eis
892 1889 1249 1974 videretur,
1307 1892 1802 1974 cognoscerent,
1858 1888 1973 1974 qui
2018 1909 2175 1975 ager
2219 1887 2307 1955 iis

268 1978 541 2043 coloniis
590 1982 783 2062 esset,
830 2000 959 2061 quo
998 1978 1243 2044 milites
1281 1977 1572 2042 veterani
1609 1978 1884 2043 deducti‘
1906 1980 2143 2062 essent,
2190 1977 2308 2061 qui
2339 1998 2394 2039 ω

266 2071 497 2131 contra
531 2066 747 2151 legem
784 2065 1023 2131 Iuliam
1058 2066 1522 2150 possideretur,
1566 2069 1643 2130 ut
1679 2066 1736 2130 is
1773 2065 2098 2131 militibus
2134 2068 2310 2131 vete-

266 2155 443 2220 ranis
490 2153 916 2239 divideretur3
961 2154 1039 2219 de
1086 2175 1245 2239 agro
1287 2153 1619 2238 Campano
1668 2154 2025 2238 separatim
2070 2174 2311 2238 cogno-

116 2276 133 2291 2
269 2245 525 2305 scerent
569 2242 940 2325 inirentque
987 2242 1310 2307 rationem
1357 2243 1435 2307 de
1482 2240 1840 2307 commodis
1876 2242 2168 2307 militum
2201 2263 2311 2307 ve-

268 2334 647 2394 teranorum
718 2330 1063 2414 augendis,
1135 2330 1509 2415 legionique
1572 2328 1853 2395 Martiae
1927 2334 1996 2395 et
2057 2329 2309 2415 legioni

270 2421 541 2500 quartae
598 2422 666 2481 et
719 2418 805 2483 iis
851 2418 1173 2483 militibus
1186 2469 1203 2500 ,
1259 2418 1373 2501 qui
1419 2418 1496 2483 de
1542 2418 1801 2503 legione
1848 2417 2146 2502 secunda,
2191 2418 2307 2481 tri·
2340 2437 2398 2479 ιο

270 2505 513 2570 cesima
585 2504 814 2589 quinta
882 2507 965 2571 ad
1030 2503 1099 2571 Ο.
1157 2505 1443 2571 Pansam
1504 2505 1584 2570 A.
1648 2504 1943 2571 Hirtium
2006 2506 2308 2573 consules

268 2593 601 2659 venissent
646 2615 891 2678 suaque
936 2594 1203 2659 nomina
1249 2595 1628 2678 edidissent,
1679 2595 1852 2679 quod
1897 2594 1980 2657 iis
2027 2594 2308 2659 auctori·

269 2686 375 2747 tas
430 2684 698 2747 senatus
754 2682 1109 2766 populique
1156 2682 1440 2747 Romani
1493 2682 1768 2747 libertas
1825 2682 2162 2749 carissima
2217 2682 2308 2748 sit

268 2774 337 2835 et
388 2769 616 2854 fuerit,
669 2770 1077 2836 vacationem
1132 2770 1408 2835 militiae
1462 2771 1625 2855 ipsis
1675 2770 2032 2854 liberisque
2079 2792 2306 2835 eorum

268 2880 411 2923 esse
473 2859 729 2942 placere
792 2863 979 2923 extra
1042 2859 1401 2926 tumultum
1464 2856 1789 2923 Gallicum
1852 2857 2308 2943 Italicumque,
2337 2888 2397 2928 ao

146 3018 153 3027 ‚
268 2968 506 3029 easque
571 2947 865 3033 legiones
929 2947 1103 3011 bello
1169 2947 1466 3011 consecto
1531 2947 1766 3011 missas
1821 2946 1965 3011 fieri
2018 2946 2307 3032 placcr03

273 3038 712 3118 quantamque
774 3034 1118 3118 pecuniam
1180 3034 1506 3099 militibus
1571 3056 1794 3099 earum
1846 3034 2183 3121 legionum
2236 3035 2310 3099 in

272 3121 565 3207 singulos
623 3120 693 3189 Ο.
740 3121 983 3188 Caesar
1035 3122 1360 3206 pontifex,
1413 3144 1533 3206 pro
1587 3125 1918 3207 praetore,
1972 3122 2306 3206 pollicitus

272 3210 407 3293 sit,
442 3214 697 3275 tantam
744 3210 885 3276 dari
928 3209 1214 3294 placere3
1267 3210 1496 3310 utique
1543 3209 1613 3276 Ο.
1659 3210 1874 3280 Pansa
1919 3210 1998 3275 A.
2043 3208 2306 3276 Hirtius

272 3260 590 3381 consules,
637 3298 802 3362 alter
840 3298 1133 3380 ambove,
1181 3298 1238 3361 si
1275 3298 1370 3362 eis
1409 3298 1754 3383 videretur,
1799 3298 2127 3364 rationem
2162 3299 2307 3385 agri
2335 3326 2392 3367 ³⁶

268 3384 616 3467 haberent,
681 3386 793 3468 qui
850 3386 989 3450 sine
1042 3385 1282 3449 iniuria
1335 3386 1745 3469 privatorum
1798 3387 2001 3451 dividi
2054 3391 2310 3473 posset3

272 3470 483 3549 iisque
547 3472 899 3555 militibus,
962 3472 1210 3557 legioni
1265 3471 1544 3537 Martiae
1610 3479 1678 3539 et
1732 3475 1980 3561 legioni
2035 3480 2309 3561 quartae
