2550 3875
729 180 885 236 CAP.
924 187 1134 237 34—36
1171 186 1202 247 ς
1241 187 1471 236 83—89.
1512 251 1519 258 .
1988 178 2119 243 237

92 344 403 427 exercitu,
459 344 573 428 qui
635 343 864 428 armis,
921 343 1034 427 qui
1091 342 1326 427 opibus
1381 341 1741 427 plurimum
1794 345 2123 426 poterant,

93 455 260 518 cum,
292 432 446 517 quid
475 432 816 518 sentirent,
849 431 1231 515 nesciretur,
1267 430 1524 495 furialis
1553 431 1671 495 illa
1697 453 1825 496 vox
1850 429 2122 495 nefariis

91 520 336 605 stupris
373 521 421 604 †
458 519 784 606 religiosis
831 518 1152 584 altaribus
1190 519 1567 584 effeminata
1603 540 1826 584 secum
1862 521 1931 582 et
1967 518 2121 583 illos

91 613 165 674 et
209 608 504 674 consules
549 608 761 674 facere
808 608 1227 674 acerbissime
1271 607 1700 692 personabat3
1746 611 2014 693 egentes
2052 606 2123 671 in

51 697 462 782 'locupletis,
516 697 758 781 perditi
811 696 883 760 in
939 697 1149 761 bonos
1160 747 1178 781 ,
1234 695 1408 760 servi
1453 695 1525 760 in
1569 695 1871 760 dominos
1917 716 2123 759 arma-

88 788 345 850 bantur.
445 784 541 849 At
602 789 746 850 erat
809 805 1064 850 mecum
1128 787 1425 868 senatus,
1490 787 1557 848 et
1623 783 1924 869 quidem
1939 786 2121 848 veste
2142 792 2211 842 87

86 877 371 957 mutata,
428 872 603 957 quod
650 894 774 958 pro
820 894 925 937 me
970 894 1101 939 uno
1147 876 1305 956 post
1347 871 1691 937 hominum
1738 870 2123 936 memoriam

83 961 353 1047 publico
409 961 686 1026 consilio
743 963 1122 1044 susceptum
1175 963 1297 1025 est.
1398 957 1527 1024 Sed
1579 960 1950 1044 recordare,
2009 959 2124 1042 qui

86 1056 236 1115 tum
278 1050 524 1114 fuerint
570 1049 911 1115 consulum
953 1049 1217 1114 nominc
1262 1048 1510 1149 hostes,
1558 1046 1671 1132 qui
1717 1047 1843 1112 soli
1888 1047 1959 1111 in
1998 1047 2125 1113 hac

49 1138 251 1203 ›urbe
289 1141 590 1202 senatum
629 1138 883 1202 senatui
919 1158 1149 1221 parere
1183 1157 1320 1201 non
1355 1135 1588 1200 sierint
1624 1135 1967 1219 edictoque
2003 1156 2123 1200 suo

83 1248 223 1292 non
283 1227 538 1292 luctum
602 1225 902 1309 patribus
961 1224 1378 1308 conscriptis,
1443 1224 1557 1289 sed
1610 1223 1853 1290 indicia
1905 1223 2123 1288 luctus

84 1314 468 1380 ademerint.
567 1313 662 1378 At
727 1316 868 1377 erat
932 1335 1188 1378 mecum
1249 1316 1521 1378 cunctus
1578 1315 1882 1396 equester
1937 1311 2125 1395 ord03

85 1425 284 1488 quem
349 1401 614 1487 quidem
675 1402 746 1467 in
810 1400 1226 1467 contionibus
1293 1401 1575 1465 saltator
1628 1400 1741 1465 ille
1798 1398 2123 1466 Catilinae

85 1491 317 1556 consul
362 1489 864 1574 proscriptionis
910 1489 1402 1554 denuntiatione
1444 1489 1755 1553 terrebat.
1845 1488 1941 1553 At
1979 1490 2125 1553 tota

47 1579 289 1643 sstalia
336 1581 756 1663 convenerat3
801 1576 908 1643 cui
954 1577 1216 1661 quidem
1260 1577 1419 1642 belli
1464 1576 1767 1642 intestini
1813 1580 1880 1640 et
1925 1575 2125 1640 vasti-

83 1667 250 1731 tatis
299 1670 513 1731 metus
560 1665 980 1730 inferebatur.

222 1753 424 1819 Hisce
481 1775 603 1840 ego
659 1754 918 1819 auxiliis
971 1753 1387 1819 studentibus
1436 1757 1635 1838 atque
1678 1753 1976 1818 incitatis
2020 1753 2122 1818 uti
2143 1747 2229 1813 36

84 1865 220 1927 me,
266 1842 669 1927 Laterensis,
713 1842 1009 1926 potuisse
1057 1843 1391 1926 confiteor,
1437 1842 1551 1907 sed
1598 1844 1741 1906 erat
1784 1864 1920 1907 non
1963 1842 2123 1926 iure,

81 1954 222 1998 non
265 1931 543 2018 legibus,
587 1953 723 1997 non
766 1931 1190 2016 disceptando
1238 1930 1704 1996 decertandum
1750 1927 1932 2017 (nam
1976 1952 2125 2015 pro-

45 2020 282 2104 ›fecto,
326 2020 716 2105 praesertim
760 2023 903 2084 tam
947 2021 1122 2085 bona
1166 2019 1238 2083 in
1284 2041 1506 2121 causa,
1560 2041 1945 2104 numquam,
1992 2040 2122 2103 quo

81 2110 290 2174 ceteri
337 2130 528 2194 saepe
574 2108 1008 2192 abundarunt,
1054 2108 1122 2172 id
1165 2107 1331 2171 mihi
1375 2107 1507 2191 ipsi
1552 2108 1867 2172 auxilium
1903 2129 2124 2172 meum

80 2194 450 2282 defuisset),
487 2196 688 2261 armis
723 2196 873 2280 fuit,
911 2195 1130 2279 armis,
1166 2196 1454 2280 inquam,
1490 2195 1621 2260 fuit
1656 2195 2123 2280 dimicandum3

80 2286 327 2368 quibus
364 2307 406 2349 a
443 2285 647 2349 servis
687 2288 886 2369 atque
925 2306 965 2348 a
1001 2306 1341 2349 servorum
1378 2284 1651 2349 ducibus
1686 2285 1949 2349 caedem
1977 2283 2122 2348 fieri

81 2377 358 2437 senatus
421 2376 491 2438 et
552 2374 879 2437 bonorum
941 2372 1039 2437 rei
1102 2372 1403 2457 publicae
1464 2372 1814 2437 exitiosum
1869 2371 2122 2437 fuisset.

46 2500 47 2509 1
80 2460 287 2526 Vinci
341 2465 561 2526 autem
614 2461 954 2545 improbos
1005 2482 1046 2525 a
1089 2461 1284 2526 bonis
1329 2461 1545 2526 fateor
1588 2460 1793 2525 fuisse
1838 2461 2123 2545 praecla-
2143 2473 2213 2522 88

76 2572 262 2634 rum,
318 2549 375 2613 si
419 2550 617 2615 finem
663 2554 809 2613 tum
858 2548 1157 2614 vincendi
1202 2549 1491 2614 viderem
1539 2550 1780 2634 [,quem
1824 2548 2121 2633 profecto

73 2659 221 2705 non
274 2635 623 2719 videbam}
715 2636 851 2703 Ubi
908 2637 1084 2701 enim
1136 2636 1303 2702 mihi
1356 2641 1620 2721 praesto
1676 2637 1957 2702 fuissent
2008 2640 2125 2702 aut

75 2732 228 2791 tam
255 2724 463 2790 fortes
493 2726 796 2791 consules
823 2746 1024 2809 quam
1050 2723 1123 2789 L.
1163 2724 1482 2809 Opimius,
1521 2748 1718 2809 quam
1747 2724 1817 2792 O.
1854 2724 2124 2809 Marius,

82 2836 293 2899 quam
336 2813 410 2878 L.
457 2813 760 2898 Flaccus,
818 2814 1057 2898 quibus
1110 2813 1383 2878 ducibus
1440 2814 1755 2899 inprobos
1812 2814 1971 2877 civis
2019 2834 2123 2876 res

75 2901 355 2987 publica
398 2902 559 2968 vicit
605 2901 907 2985 armatis,
954 2904 1094 2986 aut,
1141 2902 1198 2966 si
1243 2902 1460 2967 minus
1506 2901 1740 2985 fortes,
1788 2905 1857 2965 at
1903 2905 2126 2965 tamen

76 2997 230 3055 tam
283 2990 446 3055 iusti
492 3012 690 3075 quam
735 2990 807 3055 P.
853 2989 1137 3075 Mucius,
1192 2991 1306 3074 qui
1354 3012 1561 3074 arma,
1617 3010 1779 3073 quae
1824 2989 2123 3073 privatus

75 3079 157 3145 P.
231 3076 454 3164 Scipio
519 3082 807 3162 ceperat,
872 3099 950 3143 ea
1002 3078 1099 3143 Ti.
1157 3076 1455 3144 Graccho
1520 3079 1919 3160 interempto
1982 3077 2124 3141 iure

78 3166 345 3251 optimo
401 3172 669 3251 sumpta
721 3188 863 3231 esse
914 3166 1247 3232 defendit?
1338 3166 1537 3231 Esset
1581 3167 1791 3251 igitur
1834 3186 2125 3251 pugnan-

78 3258 247 3321 dum
304 3277 454 3320 cum
509 3255 904 3320 consulibus.
994 3254 1182 3320 Nihil
1239 3254 1383 3321 dico
1432 3255 1713 3338 amplius
1758 3253 1889 3318 nisi
1933 3253 2126 3317 illud:

83 3343 429 3409 Victoriae
474 3348 740 3409 nostrae
783 3344 1001 3429 gravis
1041 3344 1447 3409 adversarios
1484 3346 1771 3427 paratoS,
1816 3342 2125 3407 interitus

78 3432 309 3498 nullos
349 3448 505 3497 esse·
527 3432 777 3497 ultores
813 3432 1131 3496 videbam.
1203 3430 1413 3497 Hisce'
1441 3452 1565 3517 ego
1600 3431 1859 3496 auxiliis
1890 3430 2125 3497 salutis
2147 3443 2215 3493 89

77 3543 274 3586 meae
323 3520 382 3585 si
425 3519 670 3585 idcirco
713 3520 906 3604 defui,
953 3520 1106 3605 quia
1140 3520 1327 3585 nolui
1363 3520 1689 3605 dimicare,
1734 3520 2015 3606 fatebor,
2059 3520 2127 3585 id
