2550 3875
759 178 911 235 CAP.
953 187 1163 236 16—19
1203 186 1234 247 ξ
1271 186 1500 235 38-44.
2070 180 2155 245 99

131 344 470 408 multarum
543 364 762 406 rerum
826 342 1446 408 iucundissimarum
1508 342 1897 407 varietatem
1962 342 2158 426 dedit,

71 486 78 495 .
131 454 252 516 qua
291 454 426 496 non
470 431 666 496 modo
712 430 875 496 haec
919 435 1122 515 aetas,
1167 433 1282 496 sed
1324 432 1525 495 etiam
1561 432 1695 496 iam
1733 430 2159 496 corroborata

131 512 476 604 caperetur.
567 519 780 594 Quam
836 519 922 584 ob
976 542 1119 584 rem
1173 520 1230 584 si
1285 542 1480 604 quem
1533 520 1707 584 forte
1757 518 2157 602 inveneritis,

131 610 235 692 qui
271 611 654 692 aspernetur
691 608 899 672 oculis
935 608 1494 693 pulchritudinem
1524 630 1763 691 rerum,
1796 629 1931 672 non
1960 607 2157 671 odore

4 740 6 751 =
77 710 102 750 ⁵
128 698 273 781 ullo,
315 718 452 761 non
495 699 698 778 tactu,
743 717 878 761 non
913 718 1146 781 sapore
1185 697 1501 780 capiatur,
1546 696 1851 761 excludat
1888 695 2155 760 auribus

4 830 7 867 g
123 806 379 850 omnem
425 784 840 868 suavitatem,
884 784 1039 849 huic
1084 784 1337 849 homini
1381 806 1503 870 ego
1540 785 1823 849 fortasse
1858 787 1929 847 et
1963 782 2155 867 pauci

127 875 274 938 deos
309 873 654 957 propitios,
699 872 994 957 plerique
1031 877 1253 938 autem
1290 874 1498 937 iratos
1534 873 1881 957 putabunt.
1970 871 2155 956 Ergo

125 962 279 1027 haec
314 962 574 1026 deserta
608 960 718 1026 via
754 964 822 1025 et
858 960 1110 1027 inculta
1141 966 1339 1046 atque
1366 961 1725 1026 interclusa
1751 961 1884 1025 iam
1910 959 2155 1024 frondi-

2176 524 2245 573 42

2182 867 2261 932 18

124 1052 244 1115 bus
289 1054 357 1115 et
399 1049 709 1135 virgultis
756 1049 1194 1134 relinquatur,
1249 1051 1441 1114 detur
1487 1049 1736 1132 aliquid
1782 1048 2015 1131 aetati3
2064 1048 2155 1111 sit
2274 1082 2277 1087 ·

4 1136 7 1177 ἰ
47 1148 98 1188 1⁰
125 1138 562 1203 adulescentia
596 1138 894 1223 liberior;
927 1160 1064 1203 non
1101 1138 1322 1203 omnia
1357 1137 1810 1221 voluptatibus
1840 1135 2157 1219 denegen-

19 1268 28 1275 -
121 1232 257 1312 tur;
309 1248 444 1292 non
489 1247 748 1310 semper
793 1230 1058 1311 superet
1103 1248 1329 1291 severa
1374 1225 1491 1290 illa
1534 1229 1604 1290 et
1647 1226 1911 1289 derecta
1953 1224 2155 1308 ratio;

118 1316 336 1380 vincat
383 1314 734 1399 aliquando
777 1315 1100 1399 cupiditas
1136 1316 1572 1399 voluptasque
1608 1313 1953 1396 rationem,
1998 1311 2155 1376 dum

4 1446 7 1481 :
119 1404 312 1468 modo
376 1403 493 1467 illa
553 1403 626 1467 in
685 1402 812 1468 hoc
877 1424 1112 1488 genere
1171 1401 1605 1487 praescriptio
1660 1398 2153 1483 moderatioque

118 1495 446 1556 teneatur:
498 1494 729 1576 parcat
782 1491 1086 1556 iuventus
1142 1491 1495 1575 pudicitiae
1548 1512 1731 1573 suae,
1784 1510 1867 1553 ne
1914 1487 2156 1571 spoliet

39 1588 88 1629 15
119 1580 426 1664 alienam,
477 1601 560 1644 ne
617 1579 908 1643 effundat
960 1580 1461 1664 patrimonium,
1515 1600 1598 1643 ne
1649 1576 1913 1659 faenore
1957 1575 2157 1640 truci-

117 1669 334 1752 detur,
387 1690 470 1732 ne
525 1668 818 1733 incurrat
869 1668 941 1732 in
997 1668 1268 1733 alterius
1324 1667 1591 1731 domum
1646 1670 1844 1750 atque
1889 1665 2141 1729 famam.

116 1779 198 1821 ne
257 1757 574 1840 probrum
629 1756 858 1840 castis,
920 1756 1141 1821 labem
1193 1756 1512 1840 integris,
1564 1754 1906 1819 infamiam
1960 1751 2153 1817 bonis

113 1845 376 1929 inferat,
421 1866 502 1909 ne
540 1866 735 1930 quem
771 1844 839 1909 vi
875 1848 1139 1928 terreat,
1175 1866 1258 1908 ne
1297 1843 1560 1907 intersit
1596 1842 1873 1926 insidiis,
1910 1840 2154 1906 scelere

115 1938 366 2019 careat3
417 1936 782 2019 postremo,
838 1955 987 1999 cum
1032 1932 1327 2017 paruerit
1372 1930 1854 2015 voluptatibus,
1904 1928 2156 1994 dederit

29 2031 85 2070 2⁰
115 2022 366 2106 aliquid
429 2022 744 2106 temporis
812 2022 894 2086 ad
955 2021 1184 2086 ludum
1247 2020 1487 2085 aetatis
1548 2024 1746 2105 atque
1802 2019 1885 2082 ad
1938 2017 2153 2082 inanis

110 2112 312 2176 hasce
369 2110 847 2175 adulescentiae
900 2111 1323 2196 cupiditates,
1378 2115 1641 2174 revocet
1687 2129 1757 2172 se
1804 2105 2153 2191 aliquando

111 2201 198 2264 ad
247 2219 472 2264 curam
518 2199 615 2262 rei
659 2199 1074 2283 domesticae,
1119 2198 1216 2263 rei
1256 2197 1537 2262 forensis
1574 2197 1799 2280 reique
1834 2194 2154 2279 publicae,

105 2292 188 2353 ut
245 2309 351 2371 ea,
407 2309 570 2372 quae
621 2287 876 2350 ratione
923 2291 1119 2352 antea
1160 2308 1298 2351 non
1340 2289 1789 2370 perspexerat,
1845 2282 2154 2348 satietate

107 2375 462 2459 abiecisse,
507 2375 894 2458 experiendo
943 2375 1416 2457 contempsisse
1460 2372 1779 2438 videatur.

4 2471 77 2512 ¹2⁵
248 2462 350 2529 Ac
380 2463 574 2527 multi
603 2467 671 2526 et
695 2467 928 2526 nostra
956 2466 1023 2527 et
1049 2467 1317 2547 patrum
1345 2462 1795 2544 maiorumque
1820 2457 2154 2540 memoria,
2174 2465 2241 2514 43

99 2553 389 2635 iudiceS,
453 2550 693 2615 summi
755 2550 1054 2615 homines
1116 2555 1184 2615 et
1239 2550 1587 2615 clarissimi
1642 2549 1815 2614 cives
1870 2547 2155 2629 fuerunt,

101 2661 396 2726 quorum
460 2662 608 2704 cum
673 2639 1149 2703 adulescentiae
1205 2639 1599 2723 cupiditates
1656 2636 2155 2716 deferbuissent,

98 2728 390 2793 eximiae
454 2728 733 2792 virtutes
793 2727 1058 2791 firmata
1091 2728 1243 2790 iam
1299 2730 1515 2790 aetate
1572 2725 1952 2790 extiterunt.
2050 2723 2157 2786 Ex

97 2817 354 2902 quibus
381 2816 710 2882 neminem
737 2815 904 2879 mihi
930 2815 1098 2880 libet
1122 2815 1492 2898 nominare3
1527 2817 1787 2878 vosmet
1813 2812 2154 2878 vobiscum

3 2914 68 2956 ⁸⁰
95 2904 564 2970 recordamini.
655 2903 844 2969 Nolo·
887 2903 1062 2967 enim
1119 2904 1502 2988 cuiusquam
1558 2901 1753 2966 fortis
1811 2905 2007 2985 atque
2059 2898 2153 2962 in-

92 2994 346 3059 lustris
383 2993 509 3056 viri
543 3013 626 3057 ne
663 2991 1010 3056 minimum
1049 2992 1310 3075 quidem
1347 2995 1640 3056 erratum
1674 3011 1821 3055 cum
1849 3007 2155 3052 maxuma

89 3082 299 3148 laude
351 3080 758 3166 coniungere.
851 3079 1066 3155 Quod·
1089 3080 1146 3145 si
1185 3079 1401 3144 facere
1437 3080 1693 3162 vellem,
1739 3076 1934 3141 multi
1971 3097 2011 3138 a
2048 3095 2153 3138 me

92 3168 355 3235 summi
405 3172 602 3251 atque
651 3168 1056 3233 ornatissimi
1101 3168 1228 3233 viri
1267 3167 1825 3253 praedicarentur,
1876 3184 2154 3248 quorum

85 3258 359 3342 partim
402 3257 608 3320 nimia
653 3256 928 3321 libertas
973 3257 1044 3321 in
1089 3257 1552 3338 adulescentia,
1596 3254 1843 3338 partim
1882 3252 2155 3337 profusa

3 3359 60 3400 8⁵
87 3347 402 3411 luxuries
413 3396 433 3429 ,
498 3345 884 3430 magnitudo
941 3345 1110 3408 aeris
1168 3345 1392 3426 alieni,
1456 3345 1787 3424 sumptim,
1845 3339 2153 3404 libidines

81 3435 634 3517 nominarentur,
689 3455 882 3517 quae·
911 3433 1138 3496 multis
1193 3436 1427 3515 postea
1480 3429 1837 3494 virtutibus
1890 3427 2156 3492 obtecta

81 3522 610 3607 adulescentiae,
639 3521 754 3607 qui
771 3520 990 3606 vellet,
1010 3520 1428 3586 excusatione
1449 3517 1838 3582 defenderet.
1883 3515 1979 3581 At
1996 3537 2149 3580 vero

1752 3627 1781 3674 ¹1
1794 3622 1826 3656 t

2178 3489 2259 3554 19

2172 3579 2244 3630 44
