2550 3875
870 120 1028 175 cAP.
1066 127 1279 177 24-27
1322 128 1353 188 5
1390 129 1621 178 59—64.
2144 124 2273 187 107

235 282 552 349 constitui
597 282 816 349 locum
861 283 1058 349 iussit
1102 283 1371 349 balneas
1420 282 1678 368 Senias,
1732 289 1809 350 ut
1856 306 1932 350 eo
1974 284 2273 351 mitteret

235 372 508 455 amicos,
564 372 678 455 qui
724 372 1194 455 delitiscerent,
1249 373 1400 437 dein
1443 377 1738 457 repente,
1788 395 1938 438 cum
1982 373 2273 439 venisset

233 460 526 525 Licinius
571 481 1018 545 venenumque
1046 460 1355 544 traderet,
1391 461 1782 545 prosilirent
1808 461 2272 545 hominemque

235 548 898 632 comprehenderent?
993 548 1173 625 Quae
1221 549 1485 633 quidem
1530 550 1775 633 omnia,
1820 549 2087 634 iudices,
2129 572 2271 634 per·
2291 547 2378 612 26

179 651 206 693 5
233 636 497 702 facilem
563 637 889 701 rationem
949 637 1199 702 habent
1260 637 1789 721 reprehendendi.
1900 636 2033 703 Cur
2096 638 2271 703 enim

231 725 656 809 potissimum
706 725 978 790 balneas
1032 724 1329 811 publicas
1382 725 1859 791 constituerat?
1912 727 1987 791 in
2031 726 2269 811 quibus

229 834 365 878 non
400 813 659 878 invenio
694 834 858 897 quae
885 814 1142 878 latebra
1167 813 1419 898 togatis
1445 814 1825 879 hominibus
1855 836 1997 879 esse
2023 818 2271 899 posset.

230 900 408 965 Nam
457 902 516 965 si
561 905 781 965 essent
826 901 897 966 in
941 901 1268 967 vestibulo
1317 902 1727 987 balnearum,
1778 925 1914 968 non
1956 903 2271 987 laterent3

233 990 338 1054 sin
374 1010 444 1054 se
481 989 552 1053 in
586 990 893 1054 intimum
931 989 1224 1055 conicere
1259 991 1523 1073 vellent,
1567 1012 1689 1055 nec
1725 992 1889 1055 satis
1927 990 2268 1056 commode

151 1094 205 1135 ιο
233 1078 508 1142 calceati
564 1081 632 1142 et
685 1077 910 1143 vestiti
963 1078 1032 1143 id
1085 1077 1299 1144 facere
1353 1083 1625 1162 possent
1680 1082 1749 1143 et
1801 1079 2084 1144 fortasse
2134 1100 2273 1145 non

229 1167 702 1250 reciperentur,
767 1165 900 1230 nisi
963 1165 1136 1231 forte
1201 1166 1437 1231 mulier
1498 1176 1734 1251 potens
1801 1167 2269 1251 quadrantaria

227 1255 348 1319 illa
426 1254 908 1338 permutatione
991 1254 1337 1319 familiaris
1415 1254 1593 1320 facta
1665 1259 1809 1319 erat
1879 1254 2266 1321 balneatori.

227 1344 452 1427 Atque
506 1342 807 1426 equidem
861 1342 1278 1407 vehementer
1328 1344 1779 1427 expectabam,
1836 1344 2105 1428 quinam
2148 1343 2265 1408 isti
2286 1352 2358 1401 63

226 1431 356 1495 viri
422 1431 580 1495 boni
643 1434 849 1495 testes
908 1431 1104 1496 huius
1170 1431 1520 1497 manifesto
1587 1431 1973 1516 deprehensi
2036 1430 2267 1497 veneni

144 1534 200 1577 15
228 1519 625 1603 dicerentur3
667 1519 836 1583 nulli
881 1519 1055 1584 enim
1099 1524 1256 1583 sunt
1290 1519 1500 1584 adhuc
1534 1520 1877 1585 nominati.
1970 1518 2098 1585 Sed
2132 1540 2271 1584 non

228 1608 485 1690 dubito,
552 1607 710 1692 quin
773 1607 908 1671 sint
965 1628 1345 1693 pergraves,
1411 1608 1524 1692 qui
1577 1609 1864 1693 primum
1920 1608 2055 1673 sint
2108 1607 2265 1672 talis

224 1695 507 1760 feminae
541 1695 918 1779 familiares,
956 1695 1185 1759 deinde
1223 1718 1368 1759 eam
1404 1696 1811 1780 provinciam
1838 1696 2267 1781 susceperint,

225 1788 304 1849 ut
356 1784 428 1848 in
480 1783 746 1848 balneas
803 1783 1375 1866 contruderentur,
1432 1784 1607 1868 quod
1660 1784 1777 1848 illa
1830 1784 1961 1850 nisi
2016 1807 2057 1849 a
2104 1783 2265 1849 viris

223 1871 711 1938 honestissimis
759 1893 833 1938 ac
878 1872 1283 1957 plenissimis
1330 1872 1695 1958 dignitatis,
1743 1893 1941 1957 quam
1976 1872 2140 1938 velit
2175 1872 2267 1938 sit

141 1980 198 2020 20
223 1964 488 2045 potens,
549 1982 909 2045 numquam
973 1961 1479 2044 impetravisset.
1584 1960 1711 2026 Sed
1776 1961 1932 2046 quid
1996 1983 2118 2047 ego
2185 1962 2265 2026 de

224 2048 550 2134 dignitate
621 2049 906 2114 istorum
967 2050 1242 2114 testium
1305 2048 1587 2134 loquor?
1658 2049 1990 2115 virtutem·
2039 2071 2267 2114 eorum

222 2135 760 2222 diligentiamque
829 2138 1226 2220 cognoscite.
1337 2136 1441 2202 ‘In
1502 2137 1755 2203 balneis
1822 2137 2263 2204 delituerunt?

219 2225 440 2289 Testis
478 2225 806 2310 egregios!
873 2224 1068 2290 ‘Dein
1111 2229 1357 2290 temere
1392 2225 1879 2309 prosiluerunt?
1942 2225 2264 2291 Homines

221 2315 688 2396 temperantes!
766 2311 877 2378 Sic
914 2314 1088 2378 enim
1123 2314 1403 2398 fingunt,
1442 2336 1589 2378 cum
1628 2313 1918 2378 Licinius
1956 2316 2265 2398 venisset,

135 2419 192 2460 ²⁵
221 2402 830 2572 {3531}ss.ss5¹‡353
837 2406 1624 2573 Ῐέἶθὲῗέἐοῗὲεὲῗῗέᾂέ
1653 2402 2265 2573 ζὶἶῖῖῖἓῐοῖοἲθῖῗέ

221 2579 365 2643 31110
418 2577 708 2661 nomine3
773 2577 1102 2643 Licinium
1155 2582 1403 2662 autem,
1463 2601 1613 2645 cum
1668 2579 1803 2642 iam
1858 2601 2127 2644 manum
2181 2581 2265 2644 ad

220 2665 608 2731 tradendam
661 2666 970 2750 pyxidem
1017 2667 1445 2751 porrexisset,
1500 2667 1853 2731 retraxisse
1900 2671 2098 2752 atque
2144 2668 2263 2733 illo

219 2754 564 2838 repentino
628 2754 970 2819 hominum
1029 2755 1283 2838 impetu
1348 2777 1415 2820 se
1479 2757 1551 2819 in
1606 2755 1835 2840 fugam
1890 2756 2265 2822 coniecisse.

130 2863 189 2902 30
222 2843 278 2907 Ο
329 2863 571 2927 magna
613 2842 714 2907 vis
761 2843 1077 2926 veritatiS,
1124 2865 1291 2926 quae
1338 2847 1569 2908 contra
1602 2843 1945 2910 hominum
1979 2843 2263 2929 ingenia,

220 2930 671 3014 calliditatem,
719 2930 1082 2996 sollertiam
1128 2935 1485 3016 contraque
1532 2932 1723 2997 fictas
1770 2932 2063 2998 omnium
2108 2932 2263 2996 insi·
2283 2981 2369 3045 27

219 3019 364 3083 dias
415 3017 609 3082 facile
654 3041 723 3083 se
768 3041 886 3103 per
932 3040 1001 3083 se
1046 3019 1192 3103 ipsa
1237 3019 1567 3084 defendat!
1660 3019 1864 3084 Velut
1908 3019 2069 3084 haec
2115 3023 2264 3085 tota
2282 3071 2315 3120 6
2318 3071 2354 3118 4

217 3107 743 3172 fabella-veteris
781 3111 848 3172 et
882 3107 1315 3191 plurimarum
1340 3107 1713 3173 fabularum
1740 3108 2034 3191 poetriae
2066 3129 2263 3192 quam

220 3199 328 3260 est
345 3195 486 3259 sine
507 3199 914 3280 argumento,
944 3217 1140 3280 quam
1159 3197 1413 3261 nullum
1432 3196 1723 3262 invenire
1744 3196 1992 3260 exitum
2009 3199 2259 3279 potest!

129 3301 188 3344 35
223 3282 397 3360 Quid
444 3283 662 3348 enim?
708 3283 825 3348 isti
870 3288 975 3348 tot
1023 3285 1148 3348 viri
1196 3282 1375 3369 (nam
1420 3306 1686 3350 necesse
1732 3289 1834 3348 est
1879 3283 2085 3348 fuisse
2128 3306 2267 3350 non

216 3393 493 3456 paucos,
551 3375 630 3434 ut
683 3375 751 3435 et
805 3372 1265 3456 comprehendi
1319 3371 1610 3437 Licinius
1667 3371 1859 3437 facile
1914 3376 2143 3456 posset
2195 3376 2265 3437 et

218 3481 326 3525 res
382 3459 744 3524 multorum
791 3460 996 3525 0011113
1043 3464 1218 3526 esset
1263 3457 1601 3546 testatior)
1652 3482 1766 3525 cur
1812 3459 2139 3526 Licinium
2183 3462 2265 3526 de
