2550 3875
801 160 1222 217 ADNOTATIO
1261 158 1562 217 CRITICA.
1922 164 2205 222 LXXXIII

150 326 214 379 P.
237 329 366 377 271.
385 328 456 377 30
475 323 820 378 excitantur
836 319 1024 375 Madv.
1045 338 1101 401 p.
1123 326 1279 387 1457,
1307 320 1513 388 Halm.,
1542 321 1712 390 Kays.
1731 322 1891 391 prob.
1910 354 1975 363 —
1998 324 2061 379 P.
2080 329 2205 379 271.

152 402 226 449 33
247 396 523 449 nimirum
541 390 832 447 verissime
855 392 914 444 et
936 390 1250 444 certissime
1271 390 1578 460 corrigenti
1599 394 1925 461 (postquam
1946 395 2013 450 ni
2031 393 2205 464 periit

152 467 296 520 ante
335 467 430 531 mi,
467 465 614 517 mira
650 462 774 516 laus
809 460 966 515 facta
1004 463 1096 515 est
1130 476 1199 515 ex
1227 476 1312 529 6ο,
1350 462 1503 530 quod
1538 461 1801 533 intellegi
1834 480 1950 518 non
1983 467 2204 534 posset:

149 538 370 591 mirum
415 536 558 600 laus)
595 530 857 585 Ernestio
903 547 977 585 ne
1012 530 1305 587 Halmium
1348 531 1580 601 quidem
1625 550 1921 589 assensum
1966 551 2090 590 esse
2136 551 2205 589 eo

149 606 351 675 magis
405 602 605 670 miror,
662 600 840 670 quod,
894 617 1022 656 cum
1078 600 1232 656 idem
1286 602 1411 671 ipse
1461 603 1679 673 primus
1710 603 2013 660 invenisse
2062 605 2205 660 mihi

149 678 317 732 visus
367 688 552 728 essem
595 688 812 726 memor
849 688 1042 727 eorum
1084 672 1366 741 locorum,
1414 689 1555 742 quos
1595 674 1804 745 collegi
1842 674 2009 745 Seyff.
2047 676 2205 731 Lael.

148 767 210 818 p.
253 750 363 800 358
399 743 505 812 in.‚
552 742 768 797 nemini
813 759 929 797 non
971 743 1281 813 probatum
1315 743 1390 797 iri
1426 744 1799 802 confidebam.
1871 746 2057 801 Halm.
2098 763 2203 802 scr.

149 821 190 889 †
229 817 382 871 mira
418 816 479 868 et
515 812 662 869 coni.
699 816 921 881 eximia,
957 832 1110 871 mera
1144 814 1293 884 Ι66Ρ.
1332 814 1607 870 Fleckeis.
1648 832 1777 873 ann.
1818 822 1956 873 1856
1993 834 2049 887 p.
2079 823 2203 885 295,

148 888 369 953 Klotz„
433 901 566 940 vera
619 883 827 939 Patric.
885 914 954 925 —-
1009 883 1070 939 P.
1119 891 1241 939 271.
1273 891 1342 939 37
1390 902 1471 953 sq.
1572 888 1944 957 cupiditatum
2031 888 2202 958 Kays.

147 954 393 1011 Halmio
433 956 680 1021 auctore,
719 954 819 1022 qui
852 954 988 1021 del.;
1027 973 1078 1009 v.
1108 954 1297 1009 Madv.
1325 954 1465 1011 Λᾶν.
1609 963 1709 1013 152
1739 974 1794 1012 n.
1828 990 1895 999 -
1981 999 1993 1011 .
2024 965 2146 1013 272.
2170 966 2201 1013 2

186 1042 447 1083 corruere
481 1041 598 1080 non
631 1026 796 1097 sivit]
834 1023 1119 1092 Schuetz„
1167 1024 1383 1093 Halm,
1427 1025 1625 1095 Kays.;
1670 1045 1723 1081 v.
1762 1027 1947 1082 Madv.
1987 1028 2092 1083 1.1.
2134 1060 2203 1069 -—-

200 1142 214 1154 .
257 1104 382 1152 272.
411 1103 444 1150 3
499 1097 734 1162 fortuma
785 1097 982 1150 tuetur
1034 1095 1216 1150 Klotz.
1268 1127 1330 1135 —
1389 1095 1472 1150 Ib.
1522 1113 1605 1165 sq.
1652 1098 1787 1169 [neo
1832 1130 1899 1139 —
1944 1101 2204 1170 patitur]

145 1168 348 1222 Madv.
387 1166 426 1220 l.
454 1167 493 1220 1.
533 1168 594 1220 et
626 1166 860 1233 Kayser.
896 1183 950 1235 p.
982 1172 1114 1233 652,
1160 1166 1199 1237 †
1226 1167 1555 1236 prudentem
1590 1166 1806 1237 Halm,
1851 1176 2098 1225 ruentem
2132 1172 2205 1225 de

145 1237 358 1293 Halmi
401 1236 547 1291 coni.
585 1236 783 1305 Kays.‚
828 1238 1230 1307 imprudentem
1273 1236 1457 1291 Klotz.
1502 1269 1576 1279 —-
1620 1237 1683 1293 P.
1723 1244 1935 1295 27219
1981 1246 2033 1295 et
2078 1257 2203 1307 scr„

145 1326 256 1366 nec
294 1308 459 1363 codd.
500 1308 560 1361 et
595 1306 720 1362 edd.
762 1306 872 1361 del.
909 1323 1040 1375 non,
1078 1306 1233 1376 quod
1267 1306 1484 1362 habent
1519 1308 1681 1363 codd.
1719 1311 1949 1379 praeter
1984 1308 2034 1363 G
2070 1312 2203 1368 ante

145 1386 335 1451 speret
373 1378 471 1447 (ad
504 1396 560 1447 p.
591 1384 677 1432 2ο.
700 1379 820 1447 32),
866 1376 1038 1431 nimis
1074 1376 1359 1447 perplexe,
1404 1394 1479 1432 ne
1516 1378 1702 1434 dicam
1738 1396 2019 1449 perverse.
2085 1380 2204 1436 Nec

145 1452 298 1504 mut.
330 1449 471 1503 dett.
502 1447 663 1504 codd.
691 1446 754 1501 in
788 1454 841 1503 et
873 1466 928 1518 p.
961 1454 1044 1504 64.
1070 1454 1153 1503 19.
1185 1479 1250 1488 -
1291 1448 1352 1503 Ρ.
1382 1455 1503 1503 272.
1525 1456 1594 1504 29
1629 1450 1818 1521 [filius
1886 1450 2021 1504 Em.
2053 1453 2200 1505 auct.

145 1522 359 1589 Kays.;
395 1536 450 1574 v.
478 1517 663 1573 Madv.
693 1536 747 1587 p.
775 1523 911 1573 1457
942 1536 1026 1587 sq.
1057 1550 1123 1559 --
1162 1518 1223 1574 P.
1253 1525 1376 1573 272.
1398 1526 1465 1573 32
1494 1518 1527 1575 2
1551 1519 1753 1588 Klotz„
1834 1538 1970 1589 aya,
2006 1524 2198 1592 punct.

146 1590 374 1656 Halm.;
423 1588 498 1643 ad
541 1605 598 1658 Ρ.
632 1595 717 1644 55.
738 1594 825 1644 25.
863 1621 932 1630 -
970 1588 1033 1645 Ρ.
1072 1595 1196 1643 272.
1216 1595 1287 1643 34
1324 1606 1407 1657 sq.
1445 1591 1557 1646 sive
1601 1598 1845 1647 servetur
1887 1594 2000 1649 sive
2044 1594 2199 1649 cond.

147 1666 259 1718 ten
294 1658 492 1715 Brink.
530 1677 585 1729 Ρ.
617 1665 683 1715 87
716 1676 798 1728 sq.
839 1662 900 1714 et
933 1658 1242 1715 Lehmann.
1279 1659 1469 1713 Herm.
1513 1666 1649 1716 1879
1687 1678 1741 1731 Ρ.
1774 1668 1879 1717 453
1908 1679 2018 1731 sq.‚
2058 1666 2201 1719 servi

146 1734 240 1791 vel
278 1732 439 1787 cond.
476 1728 638 1785 codd.
669 1728 790 1799 Βψ,
829 1730 917 1785 6(1.
946 1731 1104 1797 Ven.‚
1141 1732 1193 1785 si
1226 1732 1311 1787 vel
1348 1732 1501 1787 cond.
1531 1730 1715 1787 Klotz.
1743 1731 1965 1799 (debeb.
1996 1733 2202 1787 saltem

146 1805 241 1861 vel
267 1804 362 1873 si),
399 1802 783 1857 condenmetur
807 1800 931 1856 rell.
953 1800 1136 1868 codd..
1171 1802 1327 1856 cond.
1354 1819 1391 1856 a
1420 1802 1573 1857 vobis
1609 1801 1717 1857 del.
1747 1802 1935 1857 Madv.
1963 1820 2020 1873 Ρ.
2046 1810 2201 1873 1458,

147 1874 376 1941 Halm..
423 1871 556 1926 secl.
592 1871 767 1940 Kays.·
803 1903 870 1911 —-
909 1873 970 1926 P.
1010 1877 1131 1927 273.
1153 1877 1186 1926 5
1219 1888 1303 1940 sq.
1338 1878 1405 1927 ut
1440 1874 1502 1926 et
1535 1873 1641 1927 tibi
1676 1874 1806 1931 dedi
1842 1873 1971 1927 add.
2011 1873 2197 1929 Madv.

194 1989 206 2001 .
233 1950 396 2010 1458,
424 1943 614 2012 Kays„
641 1943 843 2011 Klotz„
870 1943 909 2014 †
935 1961 1102 2014 quam
1119 1949 1327 2013 praest.
1346 1942 1553 2010 Halm„
1578 1960 1697 1999 sero
1722 1946 1886 2013 fidem
1912 1948 2203 2014 antiquam

204 2015 336 2070 och.
356 2013 502 2068 Mus.
519 2013 698 2068 Rhen.
722 2018 860 2068 1858
887 2031 944 2083 Ρ.
965 2019 1087 2081 285,
1115 2020 1181 2068 ut
1207 2030 1310 2082 sp„
1333 2015 1513 2082 fidem,
1536 2031 1700 2084 quam
1717 2017 2071 2086 praestitisti,
2097 2018 2203 2072 tibi

150 2087 385 2144 reddidi
418 2086 518 2138 ten
545 2082 736 2139 Brink.
760 2102 816 2154 Ρ.
837 2089 925 2152 88,
965 2085 1026 2138 et
1057 2086 1354 2153 prestitisti
1390 2084 1567 2138 habet
1602 2084 1794 2143 cod.A
1822 2103 1974 2154 casu,
2012 2085 2201 2153 cred0‚

153 2157 260 2213 sed
277 2159 478 2210 tamen
495 2154 624 2210 fort.
644 2156 824 2208 recte:
855 2172 1020 2224 quam
1037 2156 1391 2225 praestitisti,
1408 2155 1683 2224 Postume,
1698 2157 1939 2225 reddidi,
1955 2158 2200 2212 reddam.

153 2259 225 2270 -
255 2227 319 2281 P.
342 2233 466 2281 273.
488 2231 555 2279 14
580 2227 829 2281 reductos
855 2224 1042 2279 Madv.
1073 2226 1222 2279 auct.
1252 2224 1361 2278 del.
1382 2225 1589 2294 Halm.‚
1620 2226 1751 2282 secl.
1770 2226 1960 2294 Kays„
1988 2227 2199 2292 Klotz.;

154 2297 386 2354 scrbnd.
423 2294 653 2350 videtur
722 2297 1024 2366 productos
1068 2319 1082 2363 ς
1136 2295 1210 2349 ad
1256 2302 1379 2350 219.
1400 2300 1487 2353 37.
1528 2327 1593 2336 -·
1642 2297 1703 2352 P.
1743 2303 1955 2352 27315
2007 2297 2201 2354 Gmtio

151 2369 372 2436 Madv„
408 2365 615 2434 Halm,
707 2382 841 2436 aya,
883 2365 940 2422 0.
1109 2368 1166 2422 io
1201 2366 1405 2434 Klotz„
1442 2369 1537 2422 cui
1570 2367 1633 2422 id
1669 2367 1831 2422 codd.

301 2505 734 2562 Milonianae
793 2505 1067 2561 orationis
1121 2508 1352 2576 praeter
1404 2506 1765 2576 palimpsesti
1825 2507 2098 2563 Taurin.
2153 2508 2201 2562 P

153 2577 435 2648 reliquias
472 2576 681 2632 vellem
716 2575 978 2632 Baiter-us
1022 2592 1140 2631 non
1175 2577 1395 2631 duobus
1433 2579 1659 2631 tantum
1696 2577 1986 2632 codicibus
2022 2579 2197 2649 paulo

155 2647 501 2719 diligentius
537 2645 764 2702 collatis
799 2664 934 2701 usus
970 2649 1148 2715 esset,
1186 2647 1442 2704 Erfurt.
1479 2647 1527 2700 E
1566 2650 1627 2702 et
1660 2649 1979 2718 Tegei-ns.
2023 2655 2196 2705 18787

152 2721 199 2774 Τ
229 2720 326 2788 (de
355 2718 404 2772 E
432 2717 750 2773 identidem
777 2719 955 2786 errat,
988 2718 1060 2772 de
1089 2719 1134 2772 Τ
1161 2715 1317 2773 idem
1352 2717 1645 2788 suspicor).
1703 2717 2197 2790 Salisburgen-

155 2791 254 2846 sis
301 2795 481 2844 15734
517 2787 564 2842 ’Β
606 2789 871 2843 ‘selectas
916 2787 1211 2843 lectiones’
1265 2787 1321 2844 ei
1368 2788 1692 2861 ‘exscripsit
1733 2788 2041 2846 Halmius’.
2114 2789 2197 2843 De

155 2858 571 2918 Coloniensi
615 2857 658 2915 C
701 2858 914 2914 rectius
961 2858 1213 2914 iudicare
1258 2859 1488 2914 videtur
1531 2859 1679 2917 Bait.
1718 2877 1890 2930 quam
1926 2859 2196 2929 Madvig„

158 2934 535 3012 ‘quamquam
571 2929 838 3000 egregiae
877 2927 1097 3026 aliquot
1132 2929 1188 2984 ei
1215 2929 1534 2985 debeantur
1561 2930 2004 3014 emendationes,
2041 2931 2198 3014 haud

153 2999 1048 3142 {transmutata
1078 3007 1291 3139 ἓξ...
1319 3000 2196 3144 tffssfssaeafflmsss

152 3161 214 3200 re
253 3161 316 3214 p.
355 3149 628 3212 suscepta,
676 3149 799 3197 310.
822 3147 890 3196 13
928 3159 1011 3210 sq.
1047 3147 1114 3196 ut
1147 3158 1215 3198 ea
1248 3159 1551 3211 cernamuaf,
1594 3161 1734 3214 quae
1776 3159 1892 3198 non
1934 3143 2195 3209 videmus,

47 3217 56 3224 '
155 3221 282 3269 316.
301 3217 372 3268 19
399 3229 560 3268 suam
585 3229 640 3268 se
663 3213 868 3281 fecisse,
895 3210 974 3267 ib.
996 3218 1063 3267 25
1088 3230 1170 3280 sq.
1197 3212 1457 3280 fortunae
1484 3216 1734 3283 caeperit,
1766 3220 1887 3267 317.
1905 3218 1978 3266 24
2004 3213 2196 3268 saltem

153 3301 261 3355 pro
288 3289 502 3348 tamem
539 3284 614 3337 ad
640 3290 763 3339 299.
783 3289 871 3340 26.
928 3283 1248 3338 Secundum
1282 3281 1717 3364 palimpsestum
1744 3283 1806 3336 in
1833 3283 1943 3338 hac
1971 3299 2194 3352 quoque

155 3354 420 3411 oratione
459 3352 608 3409 sicut
639 3353 704 3408 in
736 3351 1082 3423 Pompeiana
1114 3353 1500 3424 principatum
1534 3356 1696 3409 tenet
1730 3353 1845 3408 Erf.

303 3423 546 3494 Saepius
581 3423 734 3479 infra
768 3427 1278 3479 commemorantur
1314 3426 1609 3480 comment.
1640 3423 1816 3478 Baki
1849 3423 2031 3480 Schol.
2061 3424 2193 3494 hyp.

154 3496 233 3553 IV
267 3514 324 3567 p.
357 3501 677 3564 285-298,
723 3494 988 3566 Trojeli
1030 3495 1095 3550 in
1128 3495 1405 3552 Fleckeis.
1444 3511 1573 3552 ann.
1614 3501 1751 3551 1855
1788 3512 1843 3564 Ρ.
1874 3501 2193 3563 312-334,

1799 3582 1869 3635 f*
