2550 3875
255 145 386 208 108
836 142 979 197 PRO
1016 141 1090 196 M.
1132 140 1395 196 CAELIO
1436 139 1718 196 ORATIO.

251 303 557 369 manibus
615 304 1022 369 amisenmt?
1115 304 1243 381 Qui
1303 303 1517 368 minus
1564 303 1740 367 enim
1783 301 2075 367 Licinius
2123 322 2294 366 com-

250 392 566 478 prehendi
607 393 847 477 potuit,
893 414 1043 457 cum
1081 414 1150 456 se
1186 393 1482 474 retraxit,
1526 413 1608 455 ne
1644 390 1951 475 pyxidem
1986 390 2295 472 traderet,

255 501 455 564 quam
500 481 559 544 si
603 480 1030 558 tradidisset?
1120 480 1335 544 Erant
1382 480 1557 544 enim
1600 479 1700 543 illi
1742 478 1965 563 positi,
2010 482 2088 542 ut
2124 498 2295 542 com-

251 554 730 653 prehenderent
756 566 1101 653 Licinium,
1135 573 1213 632 ut
1241 567 1591 633 manifesto
1621 565 1915 632 Licinius
1943 569 2295 648 teneretur,

255 660 373 720 aut
418 677 568 721 cum
612 656 928 722 retineret
963 678 1284 722 venenum
1323 659 1439 721 aut
1476 678 1624 721 cum
1661 656 2057 720 tradidisset.
2145 652 2293 718 Hoc
2353 661 2382 703 ⁵

254 744 386 808 fuit
427 747 645 809 totum
684 744 1031 809 consilium
1068 745 1381 828 1118118118,
1425 744 1587 809 11888
1624 744 1906 808 istorum
1941 741 2296 827 provincia,

257 833 371 916 qui
406 832 626 917 rogati
665 836 845 917 sunt3
884 854 1048 917 quos
1086 833 1351 916 quidem
1386 837 1463 896 tu
1501 854 1699 917 quam
1738 832 1821 897 ob
1860 853 2000 896 rem
2026 829 2297 894 ‘temere

253 919 662 999 prosiluisse'
702 920 879 985 dicas
909 925 1106 1006 atque
1135 925 1287 985 ante
1316 925 1596 1006 tempuS,
1631 942 1767 985 non
1793 919 2065 1004 reperio.
2134 917 2299 983 Fue-

255 1013 410 1072 rant
461 1007 588 1073 hoc
643 1008 890 1094 rogati,
943 1008 1205 1080 fuerant
1261 1009 1343 1073 ad
1396 1009 1565 1074 118118
1620 1029 1760 1074 rem
1815 1006 2167 1090 conlocati,
2219 1009 2299 1071 ut

255 1118 594 1180 venenum,
637 1101 717 1162 ut
760 1096 1054 1180 insidiae,
1098 1096 1352 1162 facinus
1400 1097 1676 1181 denique
1722 1096 1940 1180 ipsum
1983 1100 2059 1161 ut
2096 1095 2299 1159 mani·
2328 1101 2389 1141 1⁰

165 1199 237 1248 65
256 1184 429 1250 festo
482 1185 1156 1269 comprehenderetur.
1246 1185 1695 1250 Potueruntne
1742 1185 1955 1268 magis
2002 1187 2297 1268 tempore

254 1273 589 1356 prosilire,
645 1294 844 1357 quam
890 1295 1037 1339 cum
1083 1273 1379 1338 Licinius
1424 1273 1739 1356 venisset,
1792 1294 1940 1337 cum
1984 1273 2055 1336 in
2098 1293 2299 1336 manu

256 1364 509 1426 teneret
562 1360 795 1426 veneni
840 1361 1189 1446 pyxidem?
1264 1362 1446 1439 Quae
1492 1383 1641 1426 cum
1686 1361 1822 1425 18111
1866 1364 2009 1426 erat
2054 1359 2301 1424 tradita

256 1449 463 1514 servis
472 1499 489 1531 ,
542 1449 603 1513 si
656 1448 1019 1514 evasissent
1069 1449 1291 1514 subito
1339 1471 1418 1514 ex
1462 1449 1717 1514 balneis
1765 1449 2057 1514 mulieris
2104 1448 2299 1512 amici

256 1535 713 1621 Liciniumque
779 1536 1449 1622 comprehendissent,
1511 1537 1897 1623 imploraret
1955 1537 2298 1602 hominum
2328 1541 2382 1583 1⁵

257 1624 456 1688 fidem
507 1627 702 1707 atque
750 1645 790 1687 a
835 1646 905 1690 88
949 1625 1136 1690 illam
1180 1625 1489 1710 pyxidem
1533 1627 1847 1690 traditam
1891 1628 2298 1710 pernegaret.

260 1711 472 1788 Quem
519 1732 648 1795 quo
696 1713 890 1777 modo
938 1713 1040 1777 illi
1085 1714 1677 1797 reprehenderent?
1725 1713 1967 1779 vidisse
2014 1734 2084 1778 88
2134 1713 2301 1778 dice-

257 1800 450 1863 rent?
560 1799 856 1864 Primum
927 1801 1008 1864 ad
1072 1823 1144 1866 se
1208 1805 1592 1867 revocarent
1654 1801 1924 1867 maximi
1987 1800 2301 1867 facinoris

260 1887 534 1973 crimen;
579 1887 808 1953 deinde
854 1889 923 1954 id
968 1910 1038 1955 se
1082 1889 1324 1955 vidisse
1372 1890 1687 1975 dicerent,
1734 1890 1927 1976 quod,
1974 1911 2103 1974 quo
2150 1890 2297 1955 1080

260 1976 622 2041 conlocati
649 1976 938 2063 fuerant,
1000 2001 1134 2043 non
1197 1979 1570 2063 potuissent
1632 1980 1867 2044 videre.
1976 1979 2297 2062 Tempore
2327 1987 2383 2027 2⁰

257 2065 467 2150 igitur
537 2066 684 2150 ipso
757 2086 827 2131 se
902 2067 1353 2152 ostenderunt,
1428 2089 1576 2133 cum
1637 2067 1931 2132 Licinius
1993 2068 2300 2152 venisset,

258 2153 566 2237 pyxidem
622 2154 980 2239 expediret,
1035 2176 1303 2220 manum
1352 2156 1748 2255 porrigeret,
1803 2177 2125 2220 venenum
2168 2159 2300 2220 118-

259 2241 458 2306 deret.
549 2240 740 2306 Mimi
778 2263 935 2328 ergo
975 2247 1077 2308 881
1112 2244 1246 2307 iam
1286 2244 1516 2327 exitus,
1556 2266 1691 2309 non
1726 2243 2014 2328 fabulae3
2058 2244 2130 2308 in
2167 2265 2297 2327 quo

262 2350 410 2393 cum
463 2330 755 2395 clausula
796 2353 932 2396 non
976 2331 1334 2416 invenitur,
1387 2331 1563 2416 fugit
1608 2332 1847 2416 aliquis
1892 2352 1929 2397 e
1974 2331 2297 2416 1118811188,

198 2396 240 2461 8
260 2417 490 2481 (1818(18
537 2419 811 2483 scabilla
857 2424 1270 2503 concrepant,
1322 2420 1622 2484 aulaeum
1668 2420 1945 2485 tollitur.
2038 2419 2294 2496 Quaero
2324 2434 2381 2476 2⁶

171 2486 240 2535 ⁶⁶
261 2505 454 2588 enim,
492 2527 608 2570 cur
633 2504 961 2571 Licinium
993 2508 1413 2591 titubantem,
1449 2508 1906 2590 haesitantem,
1944 2509 2298 2593 cedentem,

258 2592 487 2678 fugere
551 2598 899 2680 conantem
958 2596 1335 2661 mulieraria
1387 2617 1618 2661 manus
1674 2596 1807 2661 ista
1860 2558 1938 2660 (18
1994 2597 2297 2661 manibus

261 2681 583 2765 amiserit,
647 2704 762 2748 881
823 2706 959 2749 808
1023 2684 1657 2768 comprehenderint,
1723 2706 1837 2749 881
1898 2706 2033 2749 11011
2090 2684 2299 2768 ipsius

261 2768 695 2855 confessione,
749 2772 1110 2837 multorum
1167 2773 1401 2856 088118,
1454 2772 1765 2838 facinoris
1818 2772 2091 2857 denique
2140 2794 2298 2838 voce

262 2857 436 2921 tanti
491 2858 755 2923 88818118
804 2860 1050 2924 crimen
1096 2860 1555 2945 expresserint.
1655 2860 1763 2925 An
1810 2861 2162 2943 timebant,
2214 2883 2297 2925 ne
2325 2879 2383 2919 80

261 2949 368 3011 tot
429 2968 660 3031 unum,
724 2947 1014 3013 valentes
1078 2948 1509 3032 imbecillum,
1574 2948 1821 3013 alacres
1876 2951 2301 3032 perterritum

263 3054 572 3118 superare
618 3056 753 3099 non
796 3037 1113 3119 possent?

369 3120 671 3188 ·Nullum
709 3128 1169 3209 argumentum
1204 3124 1275 3188 in
1312 3145 1401 3207 re,
1435 3124 1621 3189 nulla
1654 3123 1940 3208 suspicio
1978 3124 2067 3188 in·
2088 3146 2301 3207 88888,

260 3210 481 3275 1181188
538 3211 750 3276 exitus
808 3211 1099 3277 criminis
1145 3212 1524 3296 reperietur.
1616 3211 1850 3296 Itaque
1895 3212 2056 3277 haec
2104 3234 2301 3278 causa

263 3298 349 3362 ab
413 3299 844 3384 argumentis,
908 3320 948 3362 a
1011 3300 1414 3383 8081881818,
1479 3300 1560 3364 ab
1622 3301 1706 3365 iis
1762 3300 1969 3385 signis
1979 3350 1997 3384 ,
2061 3301 2299 3386 quibus
2326 3316 2381 3359 ss

262 3386 506 3451 veritas
570 3386 910 3451 inlustrari
975 3388 1172 3470 solet,
1236 3388 1318 3452 ad
1378 3389 1568 3453 testis
1623 3392 1769 3453 tota
1822 3388 2126 3453 traducta
2180 3393 2300 3455 est.

265 3472 448 3549 Quos
494 3474 756 3559 quidem
803 3495 953 3559 ego,
999 3474 1274 3559 iudices,
1319 3477 1512 3541 testis
1556 3498 1692 3541 non
1737 3476 1930 3541 modo
1976 3476 2117 3541 sine
2161 3477 2299 3541 ullo
