2550 3875
365 163 453 227 80
624 162 706 217 IN
741 162 800 217 P.
837 160 1207 217 VATmmM
1239 160 1533 217 TESTEM
1566 160 2129 218 INTERROGATIO.

361 347 683 390 summam
727 324 922 388 fidem
965 322 1497 407 probitatemque
1543 327 1919 410 cognosset,
1964 320 2373 409 graviterque

360 413 562 477 etiam
609 434 677 477 se
720 411 891 476 ferre
936 416 1309 495 praetorem
1354 412 1640 496 aliquem
1686 433 1827 477 esse
1871 411 2138 495 factum,
2185 411 2296 496 qui
2338 433 2377 481 a

364 501 500 565 suis
555 500 919 565 rationibus
976 499 1420 584 dissensisset3
1474 503 1619 564 tum
1665 500 1993 585 quaesisse
2041 500 2375 584 quendam,

363 589 441 653 de
487 587 756 653 Vatinio
803 610 998 672 quem
1043 588 1126 652 ad
1170 588 1439 653 modum
1473 568 1701 672 ferret3
1746 588 1935 653 illum
1971 587 2377 671 respondisse

363 675 706 777 §Vatinium
748 676 820 741 in
864 676 1204 777 tribunatu
1251 675 1461 761 gratis
1504 676 1671 741 nihil
1707 675 1969 760 fecisse3
2014 675 2129 760 qui
2166 675 2379 740 omnia
2427 691 2455 732 τι

274 854 345 902 ³9
361 786 558 917 3022?
561 764 1607 937 ⁰⁰ffi12d122⁸3²5225¹²’q31⁰²2212553
1608 786 1998 938 Ἒὲῗέἓαῖῗε
2017 764 2381 937 θὲζζὲηὲἕὲ

364 962 562 1006 causa
604 940 892 1024 periculo
940 945 1056 1005 tuo
1101 940 1285 1005 nullo
1334 962 1451 1005 suo
1489 941 1728 1007 delicto
1765 940 1923 1005 ferri
1960 940 2383 1024 praecipitem

365 1032 467 1093 est
500 1028 694 1093 facile
729 1050 982 1112 passus,
1018 1031 1242 1093 tamen
1277 1032 1345 1093 te
1374 1029 1553 1093 omni
1578 1028 1827 1094 honore
1854 1028 2385 1114 indignissimum

363 1117 626 1201 iudicat,
673 1116 731 1181 si
776 1121 843 1181 te
887 1116 1103 1200 vicini,
1149 1116 1206 1180 si
1245 1116 1507 1200 adfines,
1554 1116 1611 1180 si
1646 1117 1923 1181 tribules
1959 1116 2058 1181 ita
2094 1116 2385 1199 oderunt,
2412 1133 2467 1172 1⁰

363 1208 440 1269 ut
475 1205 804 1289 repulsam
839 1208 1023 1269 tuam
1059 1204 1467 1288 triumphum
1504 1226 1696 1269 suum
1732 1204 2057 1289 duxerint,
2102 1204 2161 1268 si
2195 1225 2387 1268 nemo

365 1293 618 1377 aspicit,
666 1292 825 1377 quin
867 1292 1286 1377 ingemescat,
1328 1314 1521 1357 nemo
1568 1292 1966 1358 mentionem
2004 1292 2185 1376 facit,
2232 1292 2390 1376 quin

366 1386 719 1465 execretur,
767 1381 823 1445 si
859 1380 1090 1464 vitant,
1134 1380 1418 1465 fugiunt,
1463 1380 1685 1445 audire
1723 1381 1801 1445 de
1839 1384 1906 1445 te
1940 1380 2194 1463 nolunt,
2242 1402 2389 1444 cum

333 1470 695 1553 viderunt,
749 1473 1088 1551 tamquam
1133 1469 1497 1552 auspicium
1542 1469 1788 1533 malum
1834 1469 2273 1551 detestantur,
2330 1467 2387 1531 si

365 1558 634 1642 cognati
679 1560 1012 1640 respuunt,
1058 1556 1334 1621 tribules
1380 1560 1780 1641 execrantur,
1824 1556 2022 1621 vicini
2066 1560 2385 1639 metuunt,
2416 1573 2470 1614 ιε

367 1646 614 1710 adfines
670 1646 1088 1727 erubescunt,
1143 1649 1432 1709 strumae
1479 1645 1752 1729 denique
1798 1644 1881 1709 ab
1929 1665 2039 1709 ore
2086 1644 2389 1727 improbo

369 1733 818 1819 demigrarunt
872 1736 940 1797 et
995 1732 1142 1797 aliis
1196 1734 1331 1797 iam
1387 1754 1455 1797 se
1500 1733 1662 1798 locis
1710 1733 2159 1817 conlocarunt,
2217 1732 2274 1795 si
2321 1753 2391 1796 es

369 1821 590 1885 odium
643 1821 979 1905 publicum
1032 1821 1286 1905 populi,
1343 1824 1635 1905 senatus,
1688 1821 2141 1885 universorum
2184 1820 2393 1884 homi-

365 1932 524 1975 num
571 1909 1079 1975 rusticanorum:
1127 1909 1283 1994 quid
1320 1914 1441 1994 est,
1486 1931 1683 1994 quam
1720 1910 1805 1975 ob
1842 1930 1982 1974 rem
2016 1912 2394 1993 praeturam

295 2047 328 2074 s
368 1998 589 2082 potius
646 2002 913 2082 exoptes
962 2020 1159 2081 quam
1203 2002 1512 2082 mortem,
1564 1998 1951 2082 praesertim
1998 2019 2146 2062 cum
2189 2019 2396 2082 popu·
2420 2016 2473 2056 ιο

268 2075 298 2121 s
367 2086 575 2187 larem
596 2090 678 2238 {⁵⁹
712 2086 875 2151 velis
914 2109 1054 2152 esse
1089 2108 1303 2170 neque
1337 2086 1476 2150 ulla
1509 2109 1579 2151 re
1615 2087 1859 2171 populo
1897 2085 2151 2172 gratius
2178 2085 2395 2150 facere

369 2195 585 2257 poss1s

277 2270 352 2318 40
507 2259 633 2326 Sed
678 2265 755 2326 ut
790 2262 1137 2346 aliquando
1177 2263 1533 2346 audiamus,
1580 2283 1775 2346 quam
1812 2261 2073 2346 copiose
2110 2261 2277 2326 mihi
2315 2261 2398 2325 ad

372 2353 607 2434 rogata
677 2351 1096 2434 respondeas,
1169 2351 1552 2416 concludam
1611 2351 1744 2415 iam
1807 2350 2401 2436 interrogationem

371 2459 585 2502 meam
629 2441 824 2521 teque
868 2439 940 2503 in
985 2442 1275 2503 extremo
1322 2461 1528 2524 pauca
1572 2439 1650 2503 de
1694 2439 1841 2522 ipsa
1886 2460 2082 2503 causa
2126 2438 2401 2524 rogabo.
2426 2457 2479 2497 25

269 2527 349 2589 17
375 2525 652 2608 Quaem,
700 2548 863 2609 quae
910 2530 1098 2591 tanta
1141 2527 1213 2591 in
1257 2530 1324 2590 te
1362 2527 1636 2611 vanitaS,
1681 2531 1869 2592 tanta
1904 2526 2140 2591 levitas
2176 2525 2403 2610 fuerit,

370 2616 448 2678 ut
502 2614 573 2678 in
624 2613 750 2679 hoc
803 2615 1044 2678 iudicio
1089 2614 1162 2679 Τ.
1207 2613 1502 2680 Annium
1553 2615 1761 2679 isdem
1814 2613 2031 2680 verbis
2077 2614 2404 2696 laudares,

373 2702 611 2785 quibus
659 2724 808 2766 eum
853 2702 1068 2767 verbis
1113 2702 1378 2767 laudare
1425 2708 1492 2767 et
1537 2703 1693 2768 boni
1737 2702 1863 2766 viri
1908 2707 1975 2766 et
2019 2702 2177 2767 boni
2224 2703 2405 2766 cives

373 2794 787 2872 consuerunt,
835 2812 983 2854 cum
1026 2790 1098 2854 in
1142 2792 1417 2856 eundem
1459 2813 1668 2875 nuper
1713 2791 1795 2854 ab
1842 2791 2067 2854 eadem
2111 2789 2231 2854 illa
2266 2793 2407 2853 tae-

372 2879 646 2944 terrima
697 2877 870 2941 furia
921 2879 1276 2962 productus
1333 2879 1415 2943 ad
1458 2879 1774 2963 populum
1818 2878 2238 2962 cupidissime
2284 2877 2409 2941 fal·
2436 2897 2487 2939 so

375 2988 521 3030 sum
594 2965 1046 3031 testimonium
1119 2967 1375 3031 dixeris,
1483 2966 1592 3032 An
1664 2967 1790 3030 erit
1852 2966 2015 3032 haec
2079 2966 2267 3049 optio
2340 2969 2411 3029 et

373 3057 670 3138 potestas
715 3057 850 3137 tua,
894 3058 990 3138 ut,
1036 3076 1183 3119 cum
1230 3053 1577 3120 Clodianas
1623 3076 1853 3138 operas
1900 3059 1968 3118 et
2012 3053 2413 3119 facineroso-

374 3164 522 3206 rum
557 3141 899 3206 hominum
936 3146 1003 3206 et
1038 3142 1445 3226 perditorum
1482 3164 1747 3206 manum
1785 3141 2041 3227 videris,
2084 3140 2414 3206 Milonem

378 3230 582 3313 dicas,
647 3230 717 3295 id
771 3230 946 3314 quod
998 3230 1070 3294 in
1124 3230 1427 3296 contione
1483 3230 1736 3314 dixisti,
1802 3230 2282 3314 gladiatoribus
2342 3233 2415 3293 et

377 3316 709 3382 bestiariis
749 3318 1079 3401 opsedisse
1117 3341 1256 3382 rem
1293 3319 1650 3403 publicam3
1687 3341 1837 3383 cum
1874 3323 2094 3384 autem
2124 3318 2206 3382 ad
2235 3317 2413 3382 tales
2442 3337 2495 3378 ³5

377 3404 554 3469 viros
591 3405 862 3489 veneris,
905 3428 1041 3471 non
1078 3407 1314 3472 audeas
1354 3407 1559 3472 civem
1597 3407 1915 3492 singulari
1950 3407 2215 3490 virtute,
2261 3406 2416 3489 fide,

289 3510 358 3557 41
381 3493 754 3557 constantia
805 3492 1222 3578 vituperare?
1325 3493 1477 3582 Sed,
1541 3518 1689 3561 cum
1742 3495 1815 3561 Τ.
1869 3495 2159 3561 Annium
2215 3499 2417 3558 tanto
