2550 3875
767 170 923 225 GAP.
963 176 1178 227 19—20
1214 177 1245 237 5
1282 176 1515 226 44-50.
2033 169 2159 235 101

127 334 186 399 si
223 333 584 399 obstrictus
621 333 1076 419 voluptatibus
1113 337 1463 417 teneretur,
1499 332 1571 397 in
1603 332 1730 398 hac
1758 332 1895 397 acie
1923 330 2161 397 cotidie

125 426 525 506 versaretur,
571 423 909 507 adpeteret
953 422 1362 505 inimicitias,
1406 422 1477 485 in
1521 421 1835 486 iudicium
1877 422 2162 502 vocaret,

125 510 378 574 subiret
422 510 788 594 periculum
827 510 1064 595 capitis
1099 510 1260 594 ipse,
1306 510 1717 593 inspectante
1752 508 1997 592 populo
2034 505 2161 571 Ro-

126 618 322 662 mano
385 601 491 662 tot
551 599 686 663 iam
749 620 1004 663 menses
1072 601 1188 662 aut
1243 597 1323 661 de
1378 598 1591 661 salute
1646 599 1762 660 aut
1814 596 1893 659 de
1947 594 2163 681 gloria

71 702 99 742 ⁵
125 685 513 750 dimicaret?
622 684 809 750 Nihil
867 686 1076 771 igitur
1128 685 1245 749 illa
1298 684 1601 750 vicinitas
1655 683 1933 767 redolet,
1992 682 2162 747 nihil
2180 674 2269 739 20

122 773 468 838 hominum
521 773 724 858 fama,
776 773 944 838 nihil
999 773 1200 838 Baiae
1254 772 1529 858 denique
1582 772 1766 855 ipsae
1811 770 2161 835 locuntur?

4 890 7 919 ς
123 859 288 925 Illae
324 882 479 927 vero
515 883 652 927 non
684 862 993 927 locuntur
1021 862 1261 944 solum,
1298 882 1525 925 verum
1552 859 1754 925 etiam
1785 862 2160 943 personant,

121 948 253 1015 huc
288 949 482 1014 unius
521 949 814 1015 mulieris
850 949 1188 1014 libidinem
1217 970 1359 1013 esse
1387 949 1782 1033 prolapsam,
1819 950 1897 1012 ut
1923 968 2003 1011 ea
2027 967 2163 1010 non

4 1074 7 1117 μ
68 1106 74 1115 ‚
121 1037 319 1102 modo
368 1037 790 1102 solitudinem
836 1060 913 1103 ac
958 1037 1263 1102 tenebras
1312 1040 1509 1121 atque
1553 1035 1715 1101 haec
1755 1034 2187 1119 flagitiorum-

4 1124 96 1205 310
121 1125 581 1210 integumenta
639 1147 776 1190 non
844 1129 1142 1211 quaerat,
1205 1124 1320 1189 sed
1383 1125 1454 1189 in
1512 1122 1919 1207 turpissimis
1962 1122 2159 1186 rebus

119 1212 660 1297 frequentissima
714 1213 1096 1279 celebritate
1147 1215 1216 1277 et
1260 1212 1627 1277 clarissima
1669 1212 1813 1275 luce
1859 1210 2158 1274 laetetur.

257 1300 507 1365 Verum
553 1302 611 1366 si
655 1301 801 1385 quis
841 1304 961 1385 est,
1007 1301 1120 1385 qui
1156 1300 1359 1365 etiam
1397 1299 1783 1365 meretriciis
1822 1297 2157 1363 amoribus
2177 1310 2249 1359 48

119 1389 548 1455 interdictum
617 1388 945 1453 iuventuti
1011 1392 1230 1474 putet,
1302 1391 1407 1453 est
1468 1387 1580 1452 ille
1646 1386 1909 1471 quidem
1970 1384 2159 1450 valde

121 1499 388 1543 severus
435 1478 700 1562 (negare
743 1499 878 1543 non
922 1473 1241 1563 possum),
1287 1475 1403 1541 sed
1448 1476 1759 1541 abhorret
1793 1495 1929 1539 non
1964 1473 2157 1537 modo

37 1568 208 1631 mab
270 1565 468 1631 huius
533 1564 776 1629 saeculi
836 1564 1103 1631 licentia
1109 1616 1128 1649 ,
1191 1585 1417 1630 verum
1481 1563 1683 1628 etiam
1742 1584 1780 1627 a
1836 1561 2160 1626 maiorum

120 1652 592 1719 consuetudine
637 1656 836 1737 atque
882 1652 1225 1718 concessis.
1321 1652 1592 1729 Quando
1640 1651 1813 1715 enim
1856 1650 1983 1715 hoc
2025 1670 2161 1713 non

118 1743 374 1808 factum
419 1744 539 1825 est,
585 1741 841 1826 quando
889 1741 1375 1824 reprehensum,
1420 1739 1677 1824 quando
1722 1760 1858 1804 non
1890 1736 2161 1821 permis-

121 1852 288 1914 sum,
335 1830 591 1915 quando
640 1828 914 1913 denique
956 1828 1103 1913 fuit,
1148 1833 1243 1913 ut,
1290 1829 1462 1913 quod
1496 1827 1672 1911 licet,
1715 1847 1850 1891 non
1885 1825 2160 1890 liceret?

117 1918 251 1984 Hic
297 1939 420 2002 ego
455 1917 706 1982 nullam
741 1939 882 1982 rem
917 1917 1241 2001 definiam,
1296 1915 1637 1982 mulierem
1671 1915 1922 1980 nullam
1955 1913 2161 1979 nomi-

5 2025 91 2068 ⁴ao
115 2008 323 2092 nab03
359 2009 576 2070 totum
610 2006 682 2070 in
719 2005 932 2070 medio
965 2005 1347 2089 relinquam.
1424 2003 1495 2070 Si
1534 2026 1700 2089 quae
1734 2004 1919 2084 [non]
1949 2005 2158 2086 nupta
2176 2014 2245 2063 49

117 2095 358 2161 mulier
420 2094 686 2158 domum
751 2115 939 2158 suam
1001 2093 1389 2178 patefecerit
1454 2092 1763 2156 omnium·
1813 2089 2160 2174 cupiditati
2270 2155 2279 2167 ,

115 2183 466 2269 palamque
521 2203 661 2248 sese
708 2181 779 2247 in
824 2180 1195 2246 meretricia
1239 2181 1381 2245 vita
1426 2179 1813 2263 conlocarit,
1867 2179 2160 2242 virorum

115 2270 669 2336 alienissimorum
706 2270 1018 2336 conviviis
1055 2269 1158 2334 uti
1192 2268 1577 2351 instituerit,
1614 2268 1672 2332 si
1707 2267 1833 2332 hoc
1868 2267 1940 2331 in
1978 2267 2161 2349 urbe,

117 2361 176 2425 si
233 2359 306 2423 in
354 2357 570 2424 hortis
578 2409 597 2443 ,
651 2358 712 2422 si
753 2358 826 2422 in
869 2357 1180 2422 Baiarum
1225 2357 1345 2420 illa
1390 2356 1771 2422 celebritate
1815 2354 2043 2438 faciet,
2100 2355 2159 2418 si

4 2465 88 2528 !2⁵
115 2447 400 2530 denique
421 2446 542 2511 -ita
581 2467 728 2512 sese
776 2450 963 2531 geret
1004 2466 1140 2510 non
1182 2445 1442 2510 incessu
1488 2444 1720 2528 solum,
1766 2443 1880 2507 sed
1922 2446 2159 2507 ornatu

115 2540 318 2621 atque
357 2535 694 2618 comitatu,
730 2555 864 2598 non
899 2533 1251 2619 flagrantia
1288 2533 1644 2616 oculorum,
1681 2553 1818 2596 non
1847 2531 2160 2595 libertate

113 2623 459 2707 sermonis,
497 2621 612 2686 sed
647 2621 848 2686 etiam
882 2623 1240 2706 complexu,
1281 2620 1702 2703 osculatione,
1740 2619 1945 2704 aquis,
1981 2619 2161 2683 navi-

112 2711 414 2798 gatione,
469 2709 812 2794 conviviiS,
855 2713 933 2774 ut
975 2731 1110 2774 non
1155 2710 1369 2774 solum
1415 2708 1751 2791 meretrix,
1798 2707 1910 2771 sed
1958 2707 2159 2771 etiam

111 2803 428 2884 proterva
497 2797 810 2863 meretrix
875 2819 1244 2882 procaxque
1307 2797 1633 2862 videatur:
1698 2817 1847 2860 cum
1909 2795 2035 2859 hac
2100 2795 2158 2858 si

3 2905 86 2972 βο
115 2888 236 2972 qui
271 2887 650 2951 adulescens
686 2883 860 2950 forte
895 2884 1114 2968 fuerit,
1159 2888 1385 2950 utrum
1419 2884 1529 2950 hic
1564 2883 1709 2967 tibi,
1746 2881 1819 2946 L.
1847 2881 2157 2964 Herenni,

4 2973 6 2976 ’
112 2975 375 3040 adulter
429 2995 514 3038 an
567 2977 848 3058 amator,
903 2993 1274 3058 expugnare
1329 2972 1715 3057 pudicitiam
1767 2993 1853 3034 an
1898 2970 2155 3052 explere

107 3062 456 3128 libidinem
510 3061 794 3126 voluisse
847 3060 1189 3126 videatur?
1284 3059 1655 3126 Obliviscor
1702 3059 1838 3123 iam
1880 3057 2154 3121 iniurias
2176 3075 2248 3126 50

109 3156 287 3235 tuas,
332 3148 580 3233 Clodia,
624 3149 878 3234 depono
925 3149 1309 3214 memoriam
1347 3149 1593 3213 doloris
1630 3147 1786 3230 mei3
1834 3166 1999 3229 quae
2037 3146 2155 3210 abs

112 3243 182 3303 te
230 3237 582 3302 crudeliter
625 3237 697 3301 in
741 3259 923 3302 meos
961 3259 1066 3302 me
1107 3237 1378 3300 absente
1415 3235 1594 3301 facta
1632 3240 1803 3317 sunt,
1848 3233 2157 3318 negleg03

3 3343 82 3388 ⁸5
110 3349 195 3391 ne
253 3327 390 3391 sint
441 3325 604 3391 haec
656 3325 729 3390 in
773 3330 840 3389 te
887 3324 1089 3410 dicta,
1145 3346 1311 3409 quae
1358 3324 1509 3388 dixi.
1602 3321 1730 3388 Sed
1775 3342 1855 3386 ex
1899 3323 1966 3385 te
2010 3321 2157 3404 ipsa

109 3415 397 3499 requiro,
425 3413 736 3497 quoniam
763 3420 832 3478 et
860 3413 1108 3478 crimen
1135 3415 1550 3478 accusatores
1580 3411 1698 3475 abs
1727 3414 1795 3474 te
1826 3412 1894 3473 et
1912 3412 2154 3478 testem

110 3503 254 3569 eius
291 3501 584 3568 criminis
621 3505 690 3568 te
716 3500 932 3587 ipsam
960 3501 1187 3566 dicunt
1215 3522 1285 3565 se
1312 3500 1582 3566 habere:
1623 3497 1695 3563 Si
1725 3519 1889 3583 quae
1918 3497 2153 3562 mulier
