2550 3875
686 995 780 1071 M.
839 997 1124 1070 TULLI
1180 997 1681 1072 CICERONIS

159 1177 286 1262 IN
304 1179 396 1263 P.
408 1177 928 1264 VATINIUM
956 1177 1366 1266 TESTEM
1384 1178 2197 1266 INTERROGATIO.

891 1493 1487 1555 ARGUMENTUM.

313 1624 382 1678 In
417 1624 628 1680 iudicio
665 1624 727 1682 P.
767 1625 917 1681 Sesti
953 1626 1127 1682 etiam
1161 1626 1222 1684 P.
1260 1625 1524 1681 Vatinius
1537 1668 1551 1694 ,
1588 1625 1742 1681 idem
1778 1624 1896 1693 ine,
1934 1625 2035 1696 qui
2071 1643 2201 1680 cum

165 1698 326 1752 esset
360 1695 624 1751 tribunus
659 1695 844 1766 plebis
883 1713 1029 1752 anno
1067 1715 1120 1752 u.
1160 1715 1208 1754 c.
1247 1703 1377 1766 695,
1426 1696 1685 1752 omnibus
1723 1697 1781 1751 in
1818 1696 1988 1752 rebus
2027 1697 2102 1751 ad
2139 1698 2200 1752 Ο.

165 1766 428 1823 Caesaris
463 1768 817 1822 voluntatem
853 1784 914 1823 se
951 1769 1355 1838 applicaverat,
1391 1767 1558 1822 testis
1586 1767 1894 1837 productus
1924 1770 2061 1823 erat.
2133 1767 2202 1822 In

167 1855 302 1893 eum
329 1837 403 1894 M.
437 1838 660 1892 Tullius
696 1841 810 1894 iam
847 1837 910 1892 in
938 1855 1006 1893 ea
1033 1839 1307 1907 oratione,
1346 1855 1517 1908 quam
1543 1838 1750 1893 habuit
1772 1856 1876 1908 pro
1903 1838 1965 1895 P.
1996 1838 2198 1906 Sestio,

55 1952 64 1959 .
168 1909 541 1965 vehementer
568 1911 694 1965 erat
717 1911 973 1965 invectus
1001 1927 1122 1981 cap.
1147 1915 1407 1976 13—155
1430 1915 1725 1965 132-135.
1791 1909 1987 1965 Nihilo
2014 1908 2201 1964 minus

167 1981 351 2036 etiam
377 1980 440 2034 in
465 1980 915 2051 interrogatione
952 1983 1208 2049 testium,
1257 1997 1403 2050 quae
1442 1980 1515 2035 ab
1552 1983 1793 2050 utraque
1829 1983 1994 2051 parte
2032 1980 2201 2035 dictis

168 2053 572 2106 accusatorum
607 2054 668 2106 et
704 2051 1058 2106 defensorum
1088 2050 1440 2107 orationibus
1466 2050 1802 2117 habebatur,
1838 2052 1924 2105 ita
1950 2069 2085 2105 usus
2116 2053 2204 2105 est

167 2122 370 2177 Cicero
400 2121 694 2177 occasione
721 2122 934 2191 oblata,
961 2125 1028 2177 ut
1054 2122 1174 2177 eius
1202 2122 1576 2192 interrogatio
1604 2121 1663 2177 P.
1686 2121 1886 2176 Vatini
1912 2121 2059 2175 nihil
2084 2120 2203 2175 fere

165 2193 413 2247 haberet
444 2191 558 2248 nisi
591 2194 1083 2262 reprehensionem
1109 2192 1430 2248 tribunatus
1458 2193 1615 2247 illius
1644 2195 1705 2248 et
1729 2192 2205 2263 vituperationem

167 2262 298 2317 eius
325 2263 480 2317 vitae
505 2263 884 2333 turpissimae,
914 2280 1084 2333 quam
1113 2264 1426 2319 orationem
1454 2280 1668 2319 summo
1689 2263 1933 2318 adsensu
1952 2262 2205 2317 omnium

165 2333 434 2388 auditam
469 2350 594 2389 esse
629 2336 750 2405 ipse
790 2334 990 2390 scribit
1026 2333 1221 2391 Cicero
1260 2334 1335 2389 ad
1372 2334 1434 2401 Q.
1471 2334 1706 2389 fratrem
1741 2336 1793 2389 II
1830 2340 1881 2389 4.
1922 2340 1971 2389 1.

314 2547 411 2633 Si,
453 2554 570 2615 tua
612 2553 873 2615 tantum
917 2550 1138 2633 modo,
1185 2549 1440 2635 Vatini,
1488 2550 1643 2633 quid
1689 2548 2047 2635 indignitas
2093 2571 2206 2633 po—
2228 2535 2257 2593 Ῐ

165 2638 480 2723 stularet,
543 2642 838 2722 spectare
900 2638 1281 2723 voluissem,
1342 2637 1644 2703 fecissem
1706 2638 1798 2721 id,
1864 2639 2036 2722 quod
2098 2637 2205 2703 his
2226 2620 2255 2667 ¹

165 2726 591 2791 vehementer
626 2727 946 2811 placebat,
990 2731 1068 2791 ut
1103 2731 1188 2811 te,
1225 2726 1409 2792 cuius
1446 2726 1898 2791 testimonium
1933 2729 2207 2810 propter

167 2815 652 2899 turpitudinem
703 2815 879 2880 vitae
935 2815 1285 2899 sordesque
1340 2815 1731 2879 domesticas
1780 2814 2025 2878 nullius
2071 2835 2205 2879 mo-

105 2931 138 2971 5
167 2903 386 2968 menti
428 2907 789 2988 putaretur,
834 2904 1076 2969 tacitus
1123 2899 1537 2968 dimitterem.
1628 2901 1841 2967 Nemo
1884 2902 2058 2967 enim
2091 2902 2205 2966 ho-

167 3013 325 3056 rum
390 2996 506 3055 aut
567 2992 664 3055 ita
721 2996 789 3057 te
843 2992 1259 3057 refutandum
1311 2996 1388 3055 ut
1441 3012 1710 3077 gravem
1765 2989 2207 3055 adversarium

169 3085 294 3145 aut
348 3080 446 3144 ita
497 3081 863 3165 rogandum
907 3084 985 3146 ut
1029 3080 1410 3166 religiosum
1456 3083 1695 3145 testem
1740 3077 2206 3143 arbitrabatur.

169 3167 308 3234 Sed
379 3167 475 3232 fui
548 3168 744 3252 paulo
811 3173 960 3233 ante
1024 3168 1567 3253 intemperantior
1628 3167 1935 3251 fortasse,
2009 3187 2207 3250 quam

170 3257 392 3322 debui.
494 3256 661 3322 Odio
726 3258 900 3321 enim
961 3257 1088 3342 tui,
1152 3258 1222 3321 in
1287 3279 1417 3342 quo
1481 3257 1606 3321 etsi
1672 3254 1884 3321 omnis
1937 3258 2209 3339 propter

85 3372 142 3414 io
169 3350 368 3410 tuum
410 3346 482 3410 in
522 3366 624 3409 me
663 3347 874 3411 scelus
912 3367 1215 3430 superare
1253 3346 1477 3429 debeo,
1524 3349 1747 3409 tamen
1782 3344 1865 3408 ab
1905 3344 2209 3408 omnibus

170 3455 384 3517 paene
420 3434 663 3519 vincor,
709 3434 803 3499 sic
841 3456 987 3498 sum
1021 3434 1351 3518 incitatus,
1395 3437 1489 3516 ut,
1536 3455 1685 3497 cum
1720 3436 1788 3495 te
1822 3454 1957 3495 non
1993 3432 2209 3496 minus

175 3526 664 3587 contemnerem
729 3544 927 3606 quam
982 3522 1289 3605 odissem,
1353 3525 1575 3585 tamen
1627 3522 1934 3584 vexatum
1986 3520 2209 3604 potius

289 3626 398 3669 cre,
425 3627 489 3667 n.
516 3629 556 3669 s.
1857 3625 1889 3673 5
