2550 3875
392 187 526 249 414
668 185 746 239 IN
784 185 860 240 M.
898 183 1296 239 ANTONIUM
1333 181 1601 238 ORATIO
1640 181 2046 237 PHILIPPICA
2081 183 2150 236 11.

285 329 375 395 45
527 344 891 410 Recordare
928 345 1135 430 igitur
1170 345 1378 428 inum,
1414 343 1503 409 M.
1531 344 1800 428 Antoni,
1837 345 2027 426 diem,
2063 366 2192 428 quo
2224 345 2425 409 dicta-

294 419 612 498 ²¹⁵turam
668 433 1022 517 sustulisti3
1075 455 1244 516 pone
1301 437 1452 497 ante
1510 432 1732 499 oculos
1782 433 2107 497 laetitiam
2153 438 2424 497 senatus

393 521 745 606 populique
827 520 1135 605 Romani,
1221 521 1444 586 confer
1527 541 1674 586 cum
1754 520 1880 586 hac
1950 521 2424 586 nundinatione

394 614 509 673 tua
548 613 967 694 tuorumque3
1011 613 1157 674 tum
1193 609 1555 695 intelleges,
1602 613 1920 693 quantum
1955 609 2129 674 inter
2165 610 2421 674 lucrum

394 700 461 761 et
514 697 773 762 laudem
816 697 1095 763 intersit.
1188 695 1316 762 Sed
1360 697 1698 780 nimirum,
1749 701 1829 763 ut
1873 697 2138 781 quidam
2183 697 2418 762 morbo
2470 714 2496 756 ε

394 784 613 869 aliquo
660 790 729 849 et
774 806 1001 850 sensus
1041 789 1308 870 stupore
1345 786 1738 850 suavitatem
1773 785 1906 851 cibi
1939 807 2074 850 non
2110 785 2424 869 sentiunt,

394 873 489 938 sic
534 872 897 957 libidinosi,
942 874 1139 957 avari,
1189 873 1537 938 facinerosi
1583 895 1771 938 verae
1819 873 2031 938 laudis
2079 878 2421 959 gustatum

390 981 525 1026 non
578 961 839 1026 habent.
932 959 1059 1026 Sed
1113 960 1169 1026 si
1225 966 1293 1025 te
1339 961 1482 1025 laus
1529 962 1790 1027 allicere
1838 961 1920 1025 ad
1964 965 2141 1026 recte
2185 961 2419 1026 facien-

392 1049 542 1114 dum
591 1071 726 1115 non
760 1053 999 1133 potest,
1042 1069 1125 1114 ne
1164 1053 1377 1114 metus
1413 1049 1677 1133 quidem
1715 1072 1755 1115 a
1789 1049 2186 1114 foedissimis
2225 1049 2419 1114 factis

391 1141 617 1221 potest
660 1138 975 1202 avocare?
1049 1135 1300 1202 Iudicia
1343 1159 1478 1202 non
1523 1138 1780 1218 metuis,
1827 1137 1882 1202 si
1927 1141 2200 1221 propter
2235 1138 2418 1201 inno-
2443 1156 2500 1194 ιο

393 1226 701 1310 centiam,
756 1226 977 1309 laudo,
1034 1226 1135 1289 sin
1179 1229 1450 1309 propter
1493 1226 1655 1309 vim,
1707 1245 1841 1292 non
1886 1225 2248 1310 intellegiS,
2307 1225 2418 1308 qui

391 1313 524 1379 isto
572 1314 766 1379 modo
810 1313 1051 1378 iudicia
1094 1333 1227 1379 non
1272 1313 1525 1398 timeat,
1571 1314 1632 1379 ei
1679 1313 1834 1398 quid
1878 1313 2241 1378 timendum
2287 1313 2418 1376 sit?

291 1414 392 1463 116
404 1401 651 1478 Quodsi
686 1422 821 1466 non
855 1401 1096 1466 metuis
1131 1402 1310 1467 viros
1346 1401 1541 1467 fortis
1570 1402 1996 1487 egregiosque
2031 1401 2209 1486 civis,
2247 1400 2421 1485 quod

392 1511 433 1554 a
478 1509 748 1573 corpore
794 1494 910 1554 tuo
955 1489 1389 1574 prohibentur
1436 1490 1664 1574 armis,
1719 1489 1818 1554 tui
1863 1493 1959 1572 te,
2005 1488 2168 1553 mihi
2215 1489 2420 1572 crede,

392 1577 639 1642 diutius
674 1598 808 1642 non
843 1576 1073 1642 ferent.
1130 1577 1310 1653 Quae
1349 1582 1451 1642 est
1487 1583 1708 1642 sutem
1745 1578 1885 1643 vita
1921 1577 2058 1643 dies
2095 1582 2164 1642 et
2190 1581 2418 1643 noctes
2447 1592 2496 1636 ις

394 1664 624 1730 timere
671 1687 711 1728 a
754 1665 936 1729 suis?
1022 1664 1171 1730 Nisi
1216 1685 1371 1730 vero
1419 1671 1534 1730 aut
1581 1666 1936 1731 maioribus
1981 1665 2186 1730 habes
2232 1666 2419 1730 bene·

392 1753 559 1817 ficiis
615 1753 973 1839 obligatos,
1029 1775 1225 1837 quam
1277 1753 1390 1818 ille
1447 1755 1763 1838 quosdam
1816 1753 2052 1818 habuit
2105 1775 2185 1818 ex
2231 1753 2334 1836 iis,
2379 1775 2420 1816 a

394 1841 631 1925 quibus
678 1846 781 1906 est
824 1840 1227 1926 interfectus,
1274 1846 1391 1906 aut
1437 1847 1512 1907 tu
1557 1863 1626 1907 es
1667 1842 1804 1906 ulla
1837 1863 1909 1907 re
1947 1861 2096 1907 cum
2132 1862 2210 1906 eo
2249 1861 2419 1907 com-
2548 1864 2550 1886 ³

391 1931 735 2015 parandus.
842 1929 1001 1995 Fuit
1062 1929 1145 2007 in,
1193 1930 1312 1995 illo
1378 1930 1739 2017 ingenium,
1813 1929 2010 2014 ratio,
2083 1929 2418 2012 memoris,

393 2019 681 2103 litterae,
728 2040 901 2103 curs,
952 2018 1291 2105 cogitatio,
1337 2018 1705 2105 diligentia3
1752 2040 1854 2084 res
1901 2018 2076 2084 bello
2121 2024 2419 2105 gesserat
2445 2037 2498 2076 ιο
2549 2089 2550 2094 1

396 2107 691 2189 quamvis
746 2108 841 2171 rei
885 2107 1185 2192 publicae
1231 2107 1680 2191 calamitosas,
1733 2112 1804 2171 at
1850 2111 2072 2172 tamen
2119 2124 2420 2193 magnas3

393 2195 638 2260 multos
677 2216 881 2259 annos
918 2215 1193 2279 regnare
1226 2196 1579 2260 meditatus
1611 2216 1851 2280 magno
1879 2195 2123 2279 labore,
2159 2195 2418 2281 magnis
2547 2270 2549 2277 2

392 2282 718 2366 periculiS,
769 2282 944 2366 quod
989 2283 1333 2368 cogitarat,
1380 2283 1707 2367 effecerat3
1751 2283 2150 2366 muneribus,
2193 2304 2419 2348 monu-

395 2370 652 2453 mentiS,
698 2370 1066 2455 congiariis,
1114 2372 1323 2455 epulis
1371 2372 1857 2437 multitudinem
1903 2372 2278 2456 imperitam
2313 2371 2418 2435 de-

394 2457 694 2541 lenierat3
738 2478 893 2523 suos
937 2459 1274 2543 praemiis,
1321 2460 1724 2525 adversarios
1773 2460 2154 2525 clementiae
2200 2460 2416 2543 specie
2445 2476 2492 2517 2⁵

395 2546 795 2629 devinxerat3
842 2546 998 2629 quid
1044 2547 1298 2612 multa?
1345 2549 1661 2612 attulerat
1705 2547 1838 2612 iam
1879 2547 2125 2613 liberae
2161 2547 2418 2613 civitati

394 2634 638 2717 partim
708 2638 916 2718 metu,
986 2636 1232 2719 partim
1305 2635 1626 2720 patientia
1689 2635 2224 2701 consuetudinem
2289 2656 2417 2700 ser—

288 2687 626 2826 }gviendi.
690 2720 855 2787 Cum
894 2723 1009 2787 illo
1047 2744 1170 2810 ego
1210 2729 1276 2787 te
1315 2724 1688 2789 dominandi
1726 2723 2084 2809 cupiditate
2123 2722 2416 2788 conferre

393 2831 689 2895 possum,
746 2811 981 2875 ceteris
1031 2832 1185 2877 vero
1232 2812 1430 2877 rebus
1475 2813 1655 2877 nullo
1703 2812 1895 2878 modo
1943 2812 2415 2896 comparandus

394 2920 480 2963 es.
574 2896 701 2963 Sed
747 2920 825 2962 ex
869 2899 1171 2982 plurimis
1216 2900 1427 2984 malis,
1473 2922 1636 2984 quae
1683 2899 1765 2964 ab
1813 2900 1928 2965 illo
1975 2900 2070 2964 rei
2113 2899 2414 2984 publicae
2441 2924 2490 2964 ω

394 2991 548 3051 sunt
592 2987 831 3069 inusta,
874 2987 1002 3052 hoc
1046 2991 1268 3052 tamen
1314 2988 1470 3052 boni
1517 2988 1755 3072 extitit,
1804 2988 1979 3072 quod
2018 2987 2247 3053 didicit
2283 2987 2416 3052 iam

394 3075 672 3158 populus
728 3073 1090 3158 Romanus,
1146 3080 1464 3158 quantum
1519 3076 1748 3159 cuique
1803 3076 2121 3159 crederet,
2177 3075 2414 3159 quibus

394 3182 463 3226 se
510 3161 977 3244 committeret,
1024 3182 1063 3225 a
1106 3163 1346 3245 quibus
1395 3169 1666 3229 caveret.
1756 3163 1937 3229 Haec
1980 3184 2114 3228 non
2159 3164 2414 3249 cogites

392 3271 601 3333 neque
674 3249 1004 3333 intellegis
1080 3250 1243 3314 satis
1317 3271 1460 3316 esse
1526 3251 1684 3315 viris
1747 3252 2030 3317 fortibus
2093 3250 2415 3334 didicisse,

395 3359 593 3420 quam
638 3336 728 3401 sit
768 3356 837 3400 re
874 3336 1238 3421 pulchrum,
1285 3338 1599 3405 beneflcio
1637 3345 1917 3424 gratum,
1960 3338 2140 3404 fama
2173 3340 2412 3426 glorio-
2438 3362 2482 3404 a
2541 3408 2543 3435 1

239 3440 385 3506 (118)
398 3445 543 3489 sum
580 3428 931 3507 tyrannum
969 3425 1304 3489 occidere?
1377 3425 1502 3511 An,
1539 3448 1687 3492 cum
1723 3426 1911 3492 illum
1947 3428 2244 3493 homines
2279 3446 2412 3493 non
2541 3436 2543 3445 '

282 3522 384 3570 118
396 3511 685 3587 tulerint,
730 3515 797 3574 te
840 3510 1098 3576 ferent?
1172 3511 1494 3578 Certatim
1537 3514 1832 3599 posthac,
1877 3515 2042 3581 mihi
2083 3516 2286 3597 crede,
2331 3516 2414 3581 nd
