2550 3875
882 177 1039 235 CAP.
1077 185 1217 235 e-s
1254 185 1286 244 ς
1328 187 1555 236 15—20.
2105 179 2230 243 141

203 340 523 406 constitui
577 340 684 405 lex
734 340 907 406 vitae
954 344 1023 405 et
1068 341 1364 406 condicio
1410 341 1756 407 videretur.
1849 339 1968 406 Sin
2013 345 2235 405 autem

201 429 566 494 multorum
591 429 829 513 virtus,-
848 428 1204 514 ingenium,
1230 429 1605 494 humanitas
1635 451 1714 494 ex
1740 429 1968 494 infimo
1997 449 2233 514 genere

204 521 272 581 et
305 516 611 583 fortunae
650 518 859 603 gradu
892 538 1029 582 non
1064 517 1258 583 modo
1299 508 1624 582 amicitias
1662 521 1730 582 et
1766 517 1862 582 rei
1889 516 2236 582 familiaris

205 605 427 690 copias
481 609 833 671 consecuta
878 609 1006 689 est,
1063 605 1179 670 sed
1223 626 1547 670 summam
1592 605 1879 689 laudem,
1932 605 2236 688 honoreS,

0 785 1 790 γ
128 709 154 752 s
205 693 507 778 gloriam,
554 693 966 779 dignitatem,
1010 714 1146 757 non
1189 692 1524 794 ιιιίιθῌθςο,
1568 715 1686 759 cur
1728 656 1953 778 potius
1990 693 2237 758 invidia

206 781 533 846 violatura
594 782 911 847 virtutem
963 774 1356 848 L.Corne11
1412 803 1608 866 quam
1663 781 1960 866 aequitas
2014 785 2238 848 vestra

204 870 520 954 pudorem
558 869 697 934 eius
737 869 1041 934 adiutura
1075 869 1391 934 videatur.
1464 868 1717 954 Itaque,
1754 870 1929 954 quod
1955 870 2236 935 maxime
2260 875 2326 924 19

204 958 560 1042 petendum
594 961 717 1042 est,
763 980 803 1022 a
839 958 1027 1023 vobis
1063 957 1308 1023 ideirco
1342 979 1479 1023 non
1511 963 1688 1044 pet0,
1732 957 1995 1043 iudiceS,
2038 981 2121 1024 ne
2158 959 2237 1024 de

205 1049 428 1112 vestra
472 1009 797 1130 sapientia
844 1049 1041 1131 atque
1087 1045 1165 1111 de
1210 1049 1432 1111 vestra
1474 1045 1885 1113 humanitate
1935 1047 2238 1112 dubitare

130 1153 180 1192 ιο
205 1135 444 1236 videar,
533 1134 662 1199 Est
716 1137 938 1200 autem
992 1135 1371 1219 petendum,
1423 1156 1507 1199 ne
1563 1134 1833 1200 oderitis
1883 1134 2239 1236 ingenium,

203 1244 287 1288 ne
350 1222 601 1288 inimici
667 1221 816 1289 sitis
880 1221 1268 1308 industriae,
1333 1244 1418 1287 ne
1480 1222 1960 1288 humanitatem
2026 1223 2240 1308 oppri-

206 1311 525 1395 mendam,
561 1332 645 1376 ne
681 1311 998 1375 virtutem
1034 1311 1468 1395 poeniendam
1501 1311 1770 1394 putetis,
1852 1310 2026 1376 Illud
2061 1314 2239 1396 pet0,

204 1403 309 1484 ut,
361 1399 419 1464 si
466 1421 733 1464 causam
776 1398 992 1483 ipsam
1036 1420 1155 1483 per
1201 1421 1270 1463 se
1317 1399 1578 1463 firmam
1625 1419 1768 1464 esse
1815 1403 1885 1464 et
1931 1399 2240 1464 stabilem

205 1487 523 1573 videritis,
567 1486 854 1552 hominis
900 1486 1110 1570 ipsius
1157 1491 1543 1552 ornamenta
1587 1487 1962 1553 adiumento
2006 1509 2239 1552 causae

129 1591 179 1633 15
207 1576 432 1661 potius
481 1597 677 1660 quam
721 1575 1191 1659 impedimento
1239 1596 1381 1641 esse
1428 1575 1695 1640 malitis,
2117 1617 2124 1626 ·

341 1662 675 1748 Nascitur,
718 1663 985 1747 iudices,
1032 1684 1228 1728 causa
1273 1661 1539 1728 Corneli
1584 1684 1663 1727 ex
1708 1685 1785 1729 ea
1828 1664 1995 1750 lege,
2042 1685 2241 1747 quam
2261 1669 2303 1732 8

205 1751 280 1816 L.
312 1750 564 1816 Gellius
603 1715 717 1816 Cia.
749 1750 1090 1818 Cornelius
1129 1773 1210 1816 ex
1246 1755 1514 1816 senatus
1553 1751 1882 1817 sententia
1917 1751 2244 1836 tulerunt,

210 1862 339 1925 qua
380 1840 526 1926 lege
562 1839 855 1905 videmus
891 1840 939 1924 †
978 1838 1141 1905 satis
1178 1861 1320 1904 esse
1361 1839 1591 1923 sancti,
1635 1842 1711 1904 ut
1749 1840 1922 1905 cives
1959 1802 2244 1905 Romani

208 1929 345 1995 sint
388 1929 455 2013 ιι,
502 1950 666 2013 quos
704 1927 819 1996 Cn„
856 1925 1207 2013 Pompeius
1245 1928 1325 1993 de
1363 1928 1620 1995 consilii
1659 1927 1984 1994 sententia
2019 1928 2244 2014 singil-

128 2036 182 2075 20
207 2018 400 2082 latim
446 2017 713 2083 civitate
760 2017 1117 2083 donaverit.
1208 2016 1546 2082 Donatum
1587 2038 1728 2082 esse
1765 2016 1838 2081 L
1866 2015 2243 2082 Cornelium

207 2126 518 2190 praesens
572 2105 924 2189 Pompeius
988 2104 1177 2189 dicit,
1242 2105 1537 2171 indicant
1567 2172 1572 2179 ,
1587 2105 1900 2190 publicae
1960 2105 2243 2189 tabulae,

209 2197 553 2261 accusator
586 2192 852 2277 fatetur,
889 2194 1003 2259 sed
1036 2197 1239 2279 negat
1276 2216 1356 2258 ex
1387 2193 1722 2259 foederato
1749 2193 1994 2277 populo
2026 2215 2244 2277 quem-

210 2304 407 2367 quam
452 2282 766 2367 potuisse,
809 2282 941 2347 nisi
985 2282 1043 2347 is
1088 2282 1372 2366 populus
1407 2280 1648 2348 fundus
1684 2281 1900 2347 factus
1938 2285 2130 2366 esset,
2174 2281 2248 2346 in

206 2371 379 2435 hanc
417 2370 754 2435 civitatem
782 2370 1019 2435 venire.
1086 2369 1140 2435 Ο
1169 2370 1580 2454 praeclarum
1605 2370 2035 2453 interpretem
2059 2370 2244 2453 iuris,
2264 2386 2332 2433 20

130 2476 181 2517 25
210 2462 551 2525 auctorem
586 2458 1022 2543 antiquitatis,
1060 2462 1498 2524 correctorem
1533 2462 1731 2542 atque
1760 2458 2247 2523 emendatorem

207 2551 475 2626 nostrae
507 2547 814 2631 civitatis,
848 2548 961 2631 qui
988 2547 1158 2612 hanc
1185 2568 1465 2631 poenam
1491 2545 1864 2612 foederibus
1895 2546 2244 2630 adscribat,

208 2639 285 2701 ut
351 2636 644 2701 omnium
703 2635 1161 2721 praemiorum·
1212 2635 1803 2719 beneficiorumque
1865 2639 2248 2701 nostrorum

210 2724 499 2808 expertis
571 2723 775 2789 faciat
844 2723 1242 2789 foederatos!
1355 2722 1526 2800 Quid
1594 2723 1769 2789 enim
1831 2724 2055 2808 potuit
2116 2724 2247 2788 dici

130 2918 183 2957 ω
207 2810 2248 2985 ὶῒιὲῗιῗέἓωᾳῗῇἷὲθῗέἓῖἓἒέἒξῖἒῗήῗῗιξῖἓῖἳὲιὲἷὲζ

212 3011 411 3074 quam
458 2989 749 3055 omnium
792 2989 1167 3061 liberorum.
1244 2986 1372 3053 Sed
1417 2992 1637 3053 totum
1676 2988 1822 3071 hoc,
1865 2987 2130 3070 iudices,
2176 2987 2250 3051 in

211 3100 289 3143 ea
341 3076 473 3142 fuit
525 3077 819 3161 positum
872 3097 1129 3161 semper
1181 3075 1435 3141 ratione
1493 3080 1694 3160 atque
1745 3075 2098 3158 sententia,
2153 3078 2247 3160 ut,

210 3188 361 3231 cum
415 3165 721 3230 iussisset
771 3165 1055 3249 populus
1100 3164 1437 3229 Romanus
1492 3164 1767 3248 aliquid,
1823 3163 1881 3228 si
1928 3163 1999 3227 id
2043 3163 2246 3228 adsci-

207 3252 462 3318 vissent
508 3253 669 3318 socii
713 3252 943 3355 populi
989 3275 1065 3318 ac
1110 3252 1352 3337 Latini,
1398 3256 1464 3317 et
1512 3252 1570 3317 si
1610 3273 1687 3316 ea
1721 3253 1846 3336 lex,
1893 3273 2090 3335 quam
2123 3272 2247 3316 nos

129 3357 182 3399 ⁸5
208 3342 618 3426 haberemus,
656 3341 935 3407 eadem
915 3363 987 3405 m
1021 3341 1265 3425 populo
1306 3340 1527 3441 aliquo
1567 3343 1904 3424 tamquam
1941 3340 2011 3403 ιιι
2045 3338 2246 3404 fundo

208 3429 587 3510 resedisset,
638 3433 732 3494 ut‘
771 3433 916 3495 tum
971 3429 1117 3515 lege
1172 3429 1400 3494 eadem
1453 3429 1511 3493 is
1565 3428 1846 3512 populus
1897 3430 2249 3510 teneretur,

207 3540 345 3584 non
397 3521 476 3584 ut
530 3518 609 3583 de
660 3522 893 3582 nostro
950 3516 1089 3581 iure
1148 3517 1396 3601 aliquid
1446 3516 1957 3589 deminueretur,
2013 3514 2126 3579 sed
2171 3518 2250 3579 ut
