2550 3875
393 143 522 207 182
945 107 1052 193 ‘m
1087 141 1150 196 L.
1189 139 1515 193 PISONEM
1550 137 1840 194 onAmo.

388 305 460 368 in
504 323 780 388 regnum
822 301 1076 367 iniussu
1119 301 1347 386 populi
1397 300 1729 382 [Romani]
1778 305 1894 365 aut
1934 304 2195 364 senatus
2233 322 2420 365 acce-

389 393 555 475 dere,
609 411 774 474 quae
821 411 970 455 cum
1011 390 1331 475 plurimae
1380 390 1559 475 leges
1605 393 1875 472 veteres,
1920 392 2062 452 tum
2105 389 2211 452 lex
2256 387 2421 454 Cor·

386 479 562 544 nelia
614 478 1006 562 maiestatis,
1059 477 1228 542 Iulia
1284 479 1361 543 de
1414 477 1707 578 pecuniis
1758 476 2131 577 repetundis
2165 476 2417 560 planis-

389 567 550 632 sime
604 566 831 632 vetat?
923 564 1049 631 Sed
1099 567 1262 632 haec
1318 565 1581 650 omitt03
1634 565 1746 629 ille
1802 566 1860 630 si
1912 587 2047 630 non
2093 565 2411 630 acerrime

387 655 652 733 fureret,
689 655 971 737 auderet,
1008 677 1204 739 quam
1239 654 1643 738 provinciam
1675 652 1746 717 P.
1783 652 2117 737 LentuluS,
2155 653 2417 717 amicis-
2470 669 2497 709 ⁵

391 743 596 808 simus
638 743 791 808 huic
829 743 1058 826 ordini,
1105 765 1252 808 cum
1288 745 1357 807 et
1393 741 1785 806 auctoritate
1824 745 2087 805 senatus
2125 744 2192 804 et
2230 745 2415 806 sorte

387 831 686 914 haberet,
757 830 1151 914 interposita
1217 830 1531 915 religione
1596 830 1735 894 sine
1798 829 1934 894 ulla
1996 828 2417 894 dubitatione

391 919 826 1004 deposuisset,
872 939 1016 983 eam
1063 918 1191 982 sibi
1236 917 1612 1001 adsciscere,
1658 939 1823 1001 cum,
1870 917 2130 981 etiamsi
2174 916 2415 1003 religio

388 1029 524 1072 non
583 1007 954 1091 impediret,
1017 1027 1161 1072 mos
1216 1007 1539 1071 maiorum
1592 968 1823 1070 tamen²
1866 1009 1936 1070 et
1988 1005 2287 1088 exempla
2344 1009 2418 1069 et

283 1093 1409 1290 221gravffiszmlggissffiqurtfflm
1418 1095 1930 1247 γὲἔιῗῖἓὲξᾷιιωη
1956 1179 2168 1246 facere
2196 1181 2417 1264 coepi·
2447 1111 2500 1153 ¹⁰

341 1242 557 1355 1mus,
602 1271 679 1335 de
717 1270 930 1335 reditu
969 1268 1208 1335 Gabini
1246 1270 1625 1335 omittamus
1674 1267 1897 1355 (quem
1934 1269 2060 1334 etsi
2098 1268 2227 1333 sibi
2266 1269 2417 1352 ipse

388 1359 723 1445 praecidit,
769 1379 891 1444 ego
939 1362 1160 1423 tamen
1206 1380 1279 1422 os
1326 1362 1401 1422 ut
1437 1358 1691 1422 videam
1724 1357 2030 1441 hominis,
2076 1356 2416 1442 expecto);

391 1452 606 1531 tuum,
662 1447 720 1512 si
773 1447 1015 1531 placet,
1070 1445 1354 1509 reditum
1409 1467 1557 1509 cum
1607 1467 1750 1510 meo
1798 1444 2224 1510 conferamuS.
2307 1445 2416 1510 Ac

392 1556 573 1600 meus
632 1534 892 1619 quidem
945 1534 1004 1598 is
1058 1532 1212 1617 fuit,
1267 1537 1345 1597 ut
1395 1555 1433 1596 a
1476 1532 1827 1598 Brundisio
1873 1554 2079 1617 usque
2126 1532 2417 1598 Romam
2447 1552 2497 1592 15

391 1643 627 1709 agmen
671 1625 1059 1706 perpetuum
1105 1621 1311 1686 totius
1356 1620 1587 1685 Italiae
1632 1621 1885 1686 viderit.
1957 1620 2186 1705 Neque
2234 1622 2416 1685 enim

389 1710 573 1794 regio
619 1707 766 1774 ulla'
799 1709 929 1774 fuit
971 1731 1092 1774 nec
1137 1709 1561 1793 municipium
1604 1730 1811 1793 neque
1847 1709 2257 1791 praefectura
2294 1714 2416 1773 aut

391 1797 664 1881 colonia,
701 1819 780 1862 ex
816 1820 944 1882 qua
973 1820 1108 1863 non
1135 1797 1216 1861 ad
1243 1819 1347 1862 me
1374 1797 1633 1881 publice
1659 1797 1957 1862 venerint
1984 1797 2414 1882 gratulatum.

393 1885 563 1963 Quid
609 1886 820 1952 dicam
857 1886 1172 1951 adventus
1217 1907 1425 1971 meos,
1473 1886 1627 1972 quid
1673 1885 2017 1951 effusiones
2063 1885 2410 1950 hominum

390 1998 470 2040 ex
523 1975 807 2060 oppidis,
863 1975 1017 2060 quid
1069 1996 1419 2040 concursus
1468 1997 1545 2039 ex
1592 1973 1769 2061 agris
1812 1977 2075 2058 patrum
2119 1973 2411 2039 familias
2442 1994 2498 2033 20

390 2086 539 2129 cum
594 2063 980 2149 coniugibus
1037 2084 1113 2127 ac
1166 2063 1420 2147 liberis,
1476 2063 1631 2147 quid
1682 2084 1792 2127 eos
1840 2062 2004 2146 dies,
2060 2063 2172 2146 qui
2219 2062 2412 2146 quasi

391 2152 661 2217 deorum
696 2151 1170 2233 immortalium
1200 2151 1356 2216 festi
1384 2156 1579 2236 atque
1608 2151 1953 2217 sollemnes
1982 2152 2153 2233 apud
2181 2172 2412 2215 omnes

303 2254 370 2303 52
391 2244 546 2305 sunt
591 2240 872 2304 adventu
910 2261 1054 2304 meo
1092 2240 1433 2323 redituque
1471 2240 1825 2305 celebrati?
1897 2238 2083 2303 Unus
2119 2238 2231 2303 ille
2268 2239 2412 2304 dies

391 2328 553 2392 mihi
593 2327 854 2411 quidem
889 2328 1411 2393 immortalitatis
1448 2328 1658 2391 instar
1684 2327 1831 2411 fuit,
1869 2349 1996 2411 quo
2023 2328 2094 2391 in
2119 2327 2411 2411 patriam

392 2415 571 2500 redii,
609 2437 757 2480 cum
793 2420 1092 2481 senatum
1129 2437 1465 2502 egressum
1499 2416 1634 2480 vidi
1669 2415 2111 2499 populumque
2143 2415 2409 2495 [Roma-
2438 2435 2495 2475 2⁵

388 2507 573 2585 num]
613 2504 1004 2588 universum,
1051 2526 1199 2569 cum
1235 2504 1399 2567 mihi
1432 2504 1578 2587 ipsa
1612 2502 1826 2567 Roma
1858 2525 2061 2587 prope
2098 2504 2415 2567 convulsa

392 2592 654 2657 sedibus
710 2593 846 2657 suis
903 2593 983 2657 ad
1041 2592 1597 2675 complectendum
1648 2595 2171 2656 conservatorem
2216 2612 2412 2655 suum

390 2681 697 2781 progredi
743 2681 882 2745 visa
928 2682 1043 2744 est.
1121 2679 1299 2755 Quae
1346 2700 1449 2744 me
1485 2679 1584 2742 ita
1618 2680 1888 2763 accepit,
1932 2683 2008 2743 ut
2042 2700 2175 2743 non
2212 2680 2411 2779 modo

392 2770 685 2834 omnium
738 2789 1077 2855 generum,
1141 2770 1460 2850 aetatum,
1521 2767 1819 2832 ordinum
1875 2788 2097 2832 omnes
2151 2766 2276 2831 viri
2330 2788 2412 2831 ac

392 2858 694 2922 mulieres
762 2856 970 2921 omnis
1025 2854 1325 2918 fortunae
1382 2876 1456 2918 ac
1509 2854 1664 2939 loci,
1728 2855 1842 2919 sed
1894 2855 2094 2919 etiam
2150 2856 2413 2919 moenia
2440 2875 2501 2914 80

389 2946 537 3029 ipsa
580 2946 951 3010 viderentur
997 2946 1064 3007 et
1101 2945 1287 3006 tecta
1330 2942 1511 3007 urbis
1558 2965 1634 3007 ac
1680 2942 1928 3026 templa
1967 2942 2217 3005 laetari.
2298 2942 2413 3007 Me

393 3031 938 3117 consequentibus
992 3030 1220 3094 diebus
1275 3030 1346 3095 in
1402 3052 1479 3094 ea
1531 3031 1676 3115 ipsa
1729 3032 1949 3114 domo,
2004 3051 2135 3113 qua
2183 3035 2258 3095 tu
2304 3052 2415 3095 me

393 3121 748 3205 expuleras,
789 3140 983 3202 quam
1017 3118 1357 3202 expilaras,
1396 3139 1593 3202 quam
1620 3120 2013 3201 incenderaS,
2048 3118 2416 3202 pontificeS,

393 3208 710 3291 9011811198,
737 3211 958 3290 patres
989 3206 1343 3307 conscripti
1372 3207 1872 3272 conlocaverunt
1900 3206 2207 3291 mihique,
2235 3208 2417 3290 quod

393 3301 542 3360 ante
589 3317 691 3359 me
726 3295 990 3379 nemim,
1035 3296 1311 3379 pecunia
1345 3295 1609 3379 publica
1644 3295 2106 3361 aedificandam
2143 3296 2417 3359 domum
2446 3313 2501 3355 ³5

393 3386 798 3449 censuerunt.
876 3467 880 3471 Ι

299 3482 372 3531 63
524 3470 746 3536 Habes
785 3471 1067 3536 reditum
1105 3494 1341 3536 meum.
1408 3471 1645 3537 Confer
1678 3493 1851 3537 nunc
1887 3472 2175 3537 vicissim
2204 3476 2421 3554 tuum,
