2550 3875
1107 87 1641 144 ARGUMENTUM.
2177 89 2309 154 279

272 246 337 300 P.
379 244 578 300 Fulvio
616 245 848 302 Nerato.
922 245 1244 301 Postulatus
1294 249 1484 302 autem
1530 248 1653 302 erat
1698 249 1757 302 et
1800 247 1871 302 de
1918 246 2206 302 sodaliciis
2252 249 2312 301 et

273 317 353 370 de
401 317 621 372 ambitu
665 333 734 371 ea
779 333 905 387 spe,
954 319 1100 386 quod
1133 318 1381 387 primum
1413 317 1685 373 iudicium
1720 318 1791 373 de
1826 319 1885 372 vi
1920 318 2173 372 futurum
2210 333 2307 387 ap-

275 388 546 456 parebat,
603 405 715 456 quo
761 404 891 443 eum
936 387 1268 442 damnatum
1313 387 1385 442 iri
1428 388 1789 444 confidebant
1827 404 1935 444 nec
1978 391 2182 458 postea
2223 403 2310 442 re-
2393 458 2398 465 Ι

276 475 715 584 eponffiffitio
763 528 833 584 de
880 529 1097 583 ambitu
1142 530 1531 583 accusatorum
1566 530 1720 584 facta
1756 530 1845 583 est
1880 529 2220 611 quaesitore·
2237 527 2307 584 A.

279 600 598 668 Torquato,
655 601 826 668 atque
881 600 1046 654 ambo
1101 599 1475 668 quaesitores,
1531 598 1850 668 Torquatus
1898 601 1957 653 et
2002 598 2309 666 Dom1t1us,

273 668 426 738 prid.
472 669 618 725 Non.
663 669 840 740 April.
893 686 1052 725 reum
1106 671 1307 725 adesse
1362 671 1662 726 iusserunt.
1744 670 1865 736 Quo
1912 669 2005 724 die
2049 669 2190 725 Milo
2235 670 2310 723 ad

277 739 498 794 Domiti
543 740 797 795 tribunal
840 741 1024 808 venit,
1070 741 1145 794 ad
1182 742 1456 809 Torquati
1501 741 1712 796 amicos
1758 739 1941 808 misit3
1988 739 2070 795 ibi
2114 743 2309 811 postu-

275 811 438 865 lante
472 827 576 881 pro
617 827 682 866 eo
711 811 787 867 M.
816 811 1091 866 Marcello
1129 811 1393 881 obtinuit,
1429 828 1502 866 ne
1538 813 1695 882 prius
1730 827 1961 866 causam
1989 811 2062 866 de
2089 809 2307 866 ambitu

277 881 522 950 diceret,
569 898 740 950 quam
786 882 856 935 de
901 883 959 936 vi
1003 881 1275 937 iudicium
1322 885 1472 938 esset
1512 883 1842 964 perfectum.
1914 881 2082 952 Apud
2117 881 2309 936 Domi-

276 951 428 1006 tium
480 953 672 1007 autem
727 953 1106 1020 quaesitorem
1157 953 1339 1008 maior
1392 952 1609 1023 Appius
1653 951 1971 1022 postulavit
2016 969 2052 1006 a
2095 951 2307 1007 Milone

279 1038 474 1078 servos
511 1023 763 1078 exhiberi
796 1039 1027 1078 numero
1063 1022 1142 1078 IV
1179 1025 1238 1078 et
1272 1023 1343 1092 L,
1392 1026 1452 1078 et
1486 1041 1615 1078 cum
1648 1023 1750 1078 ille
1784 1024 2024 1092 negaret
2059 1038 2173 1090 eos,
2211 1023 2308 1091 qui

276 1093 743 1161 nominabantur,
789 1095 850 1148 in
896 1110 998 1148 sua
1041 1095 1328 1163 potestate
1374 1111 1520 1163 esse,
1578 1093 1861 1148 Domitius
1908 1111 1977 1148 ex
2022 1093 2309 1148 sententia

277 1165 532 1218 iudicum
566 1165 982 1234 pronuntiavit,
1019 1168 1085 1219 ut
1121 1181 1190 1218 ex
1226 1181 1515 1221 servorum
1550 1181 1777 1219 suorum
1810 1179 2043 1219 numero
2079 1179 2309 1217 accusa-

277 1237 391 1303 tor,
429 1237 568 1304 quot
600 1235 790 1303 vellet,
829 1235 1038 1291 ederet.
1103 1233 1278 1290 Citati
1313 1235 1521 1291 deinde
1556 1237 1733 1292 testes
1772 1234 2077 1290 secundum
2103 1233 2307 1302 legem,

277 1321 446 1374 quae,
481 1307 548 1359 ut
575 1322 746 1375 supra
772 1305 1029 1374 diximus,
1067 1306 1317 1375 iubebat,
1355 1309 1435 1375 ut,
1472 1308 1801 1376 priusquam
1829 1321 2000 1360 causa
2028 1305 2306 1374 ageretur,

277 1377 458 1430 testes
502 1392 606 1445 per
649 1376 898 1432 triduum
943 1376 1297 1445 audirentur,
1345 1376 1501 1432 dicta
1536 1392 1730 1431 eorum
1764 1374 1978 1430 iudices
2017 1375 2305 1430 confirma-

275 1447 434 1516 rent,
479 1449 684 1514 quarta
721 1446 814 1501 die
861 1446 1061 1502 adesse
1116 1463 1309 1502 omnes
1354 1449 1416 1502 in
1463 1447 1616 1502 diem
1658 1449 1947 1517 posterum
1981 1445 2309 1500 iuberentur

278 1533 350 1572 ac
396 1533 587 1572 coram
623 1519 950 1572 accusatore
987 1534 1054 1572 ac
1089 1533 1186 1572 reo
1224 1519 1403 1588 pilae,
1450 1519 1510 1572 in
1548 1519 1752 1587 quibus
1789 1516 2023 1571 nomina
2057 1515 2306 1570 iudicum

275 1587 556 1658 inscripta
591 1591 806 1656 essent,
843 1591 1244 1657 aequarentur;
1294 1587 1428 1644 dein
1461 1605 1652 1644 rursus
1687 1589 1919 1657 postera
1953 1586 2047 1640 die
2084 1585 2307 1640 sortitio

275 1658 530 1713 iudicum
573 1657 736 1713 fieret
775 1658 940 1713 unius
990 1661 1047 1714 et
1082 1659 1311 1727 LXXX3
1358 1659 1456 1728 qui
1498 1674 1763 1714 numerus
1808 1675 1936 1712 cum
1971 1658 2123 1712 sorte
2161 1657 2307 1712 obti-

277 1729 475 1798 gisset,
511 1729 621 1798 ipsi
654 1731 914 1799 protinus
951 1745 1168 1784 sessum
1203 1729 1377 1796 irent3
1414 1732 1539 1784 tum
1574 1730 1648 1784 ad
1685 1728 1987 1784 dicendum
2014 1729 2309 1782 accusator

277 1799 422 1854 duas
458 1799 644 1868 horas,
681 1817 808 1855 reus
844 1802 959 1856 tres
996 1801 1249 1868 haberet,
1288 1817 1489 1869 resque
1526 1800 1728 1855 eodem
1763 1801 1857 1854 die
1891 1798 1993 1853 illo
2030 1798 2305 1852 iudicare-

276 1873 386 1939 tur,
424 1869 581 1941 prius
619 1873 809 1925 autem
845 1887 1016 1941 quam
1051 1871 1368 1926 sententiae
1406 1871 1701 1939 ferrentur,
1738 1872 1939 1939 quinos
1969 1886 2038 1923 ex
2066 1867 2307 1939 singulis

277 1942 570 1996 ordinibus
625 1944 943 2009 accusator,
995 1944 1238 1998 totidem
1290 1958 1419 1997 reus
1468 1944 1729 2009 reiceret,
1786 1942 1872 1996 ita
1924 1942 1990 1994 ut
2042 1956 2308 1994 numerus

274 2012 532 2137 itgdicum
590 2012 1024 2082 relinqueretur,
1081 2013 1180 2082 qui
1235 2012 1547 2068 sententias
1592 2011 1836 2082 ferrent,
1894 2010 2310 2080 quinquaginta

273 2099 308 2137 e
373 2100 534 2138 unus.

421 2152 610 2209 Primo
669 2154 762 2207 die
825 2153 994 2207 datus
1061 2156 1186 2209 erat
1238 2154 1302 2207 in
1353 2153 1626 2209 Milonem
1673 2154 1837 2208 testis
1896 2151 1953 2207 0.
2010 2150 2307 2206 Causinius

279 2224 511 2291 Schola,
567 2224 664 2293 qui
711 2238 773 2278 se
818 2240 946 2278 cum
990 2226 1051 2281 P.
1100 2225 1301 2280 Clodio
1346 2224 1549 2293 fuisse,
1604 2240 1732 2278 cum
1776 2224 1827 2280 is
1874 2221 2090 2277 occisus
2138 2223 2305 2291 esset,

275 2294 424 2349 dixit
485 2293 954 2363 atrocitatemque
1007 2294 1092 2350 rei
1144 2296 1335 2351 factae
1389 2312 1559 2364 quam
1609 2296 1851 2349 maxime
1896 2293 2087 2363 potuit
2132 2293 2306 2347 auxit.

275 2366 456 2432 Quem
501 2381 630 2420 cum
672 2366 883 2419 interro
961 2381 1022 2420 re
1057 2366 1132 2423 M.
1169 2366 1469 2420 Marcellus
1507 2364 1811 2434 coepisset,
1857 2365 2020 2418 tanto
2056 2364 2307 2418 tumultu

275 2434 587 2491 Clodianae
639 2435 872 2490 multitu
918 2436 1022 2490 ’nis
1078 2437 1495 2490 circumstantis
1548 2435 1849 2491 exterritus
1900 2435 2014 2503 est,
2070 2436 2137 2488 ut
2190 2435 2307 2489 vim

274 2506 538 2561 ultimam
580 2506 786 2561 timens
829 2506 892 2559 in
934 2506 1186 2562 tribunal
1224 2524 1260 2563 a
1294 2506 1545 2565 Domitio
1580 2507 1939 2576 reciperetur.
2014 2504 2195 2570 Quam
2232 2505 2305 2559 ob

275 2593 510 2631 causam
543 2576 846 2632 Marcellus
882 2578 942 2631 et
974 2576 1099 2647 ipse
1133 2577 1272 2633 Milo
1312 2595 1347 2632 a
1371 2576 1621 2633 Domitio
1655 2576 2001 2647 praesidium
2034 2575 2309 2646 implora-

274 2649 496 2703 verunt.
571 2647 815 2702 Sedebat
857 2663 925 2702 eo
971 2649 1226 2718 tempore
1263 2647 1360 2702 Cn.
1399 2646 1699 2717 Pompeius
1743 2646 1819 2701 ad
1864 2648 2143 2701 aerarium
2178 2661 2305 2715 per—

275 2718 654 2786 turbatusque
701 2717 824 2772 erat
869 2718 1068 2772 eodem
1103 2716 1206 2773 illo
1245 2718 1489 2773 clamore
1524 2716 1719 2787 itaque
1754 2716 2005 2773 Domitio
2042 2714 2307 2797 promisit

273 2804 339 2843 se
383 2790 611 2858 postero
658 2788 752 2843 die
789 2805 916 2843 cum
950 2788 1234 2857 praesidio
1272 2789 1700 2857 descensurum,
1746 2787 1919 2856 idque
1955 2786 2110 2840 fecit.
2184 2785 2307 2850 Qua

273 2874 338 2913 re
382 2858 569 2913 territi
615 2858 876 2914 Clodiani
922 2859 1149 2914 silentio
1194 2860 1369 2914 verba
1412 2858 1647 2913 testium
1690 2874 1790 2929 per
1836 2856 2075 2913 biduum
2119 2854 2307 2910 audiri

274 2928 435 2999 passi
471 2931 616 2983 sunt.
689 2929 1185 3001 Inter-rogaverunt
1221 2939 1333 2985 eos·
1354 2930 1429 2984 M.
1470 2928 1666 2985 Cicero
1704 2929 1764 2983 et
1798 2928 1874 2983 M.
1912 2924 2214 2981 Marcellus
2252 2932 2304 2981 ct

274 3000 415 3056 Milo
450 3000 590 3069 ipse.
662 2999 834 3054 Multi
869 3016 939 3055 ex
973 3000 1072 3068 iis,
1109 3000 1208 3068 qui
1243 2999 1481 3056 Bovillis
1518 2998 1879 3067 habitabant,
1914 2995 2303 3051 testimonium

275 3070 546 3125 dixerunt
581 3070 650 3125 de
685 3070 778 3139 iis,
815 3086 960 3140 quae
995 3070 1079 3125 ibi
1113 3071 1268 3125 facta
1296 3071 1473 3139 erant,
1512 3086 1577 3125 co
1622 3085 1787 3124 onem
1813 3068 2079 3133 occisum,
2113 3067 2298 3121 taber-

273 3157 410 3195 nam
451 3143 856 3211 expuguatam,
906 3158 1108 3211 corpus
1154 3139 1319 3197 Clodi
1361 3141 1422 3196 in
1464 3140 1581 3210 pub
1606 3142 1755 3193 icum
1800 3139 2115 3193 extractum
2160 3152 2302 3193 esse.

275 3212 540 3281 Virgines
585 3228 807 3281 quoque
842 3211 1098 3267 Albanae
1143 3211 1411 3266 dixerunt
1451 3210 1746 3265 mulierem
1780 3209 2040 3279 ignotam
2078 3208 2301 3263 venisse

275 3282 352 3337 ad
387 3297 465 3351 se,
504 3298 648 3350 quae
674 3281 906 3337 Milonis
940 3283 1214 3337 mandatu
1249 3283 1445 3337 votum
1472 3280 1732 3347 solveret,
1770 3278 1923 3347 quod
1952 3277 2182 3334 Clodius
2211 3294 2301 3333 oc-

273 3352 424 3407 cisus
471 3353 636 3409 esset.
707 3352 954 3407 Ultimae
997 3352 1387 3407 testimonium
1424 3351 1687 3406 dixerunt
1722 3348 2084 3419 Sempronia,
2130 3348 2302 3404 Tudi-

271 3423 398 3477 tani
459 3422 604 3489 filia,
669 3438 860 3478 socrus
926 3423 988 3479 P.
1053 3422 1244 3487 Clodi,
1308 3424 1371 3477 et
1431 3437 1571 3475 uxor
1632 3419 1833 3475 Fulvia
1896 3422 1959 3475 et
2008 3418 2144 3474 fietu
2200 3435 2301 3473 suo
