2550 3875
805 178 961 234 cAP.
1003 186 1139 234 1--3
1177 185 1208 245 s
1251 184 1405 234 1—7.
1995 180 2127 243 333

104 344 377 429 perium,
433 343 490 407 si
534 342 697 406 illud
751 342 1097 426 imperium
1141 359 1283 406 esse
1336 341 1584 426 potuit,
1640 341 1813 425 quod
1866 342 2125 425 privato

105 433 379 497 clamore
436 430 878 495 multitudinis
931 429 1248 513 inperitae
1303 430 1486 495 nullo
1540 429 1804 513 publico
1852 429 2125 495 consilio

103 520 526 584 deferebatur.
609 517 839 602 Itaque
876 517 1198 603 Ligarius,
1237 517 1350 601 qui
1388 539 1578 583 omne
1614 518 1748 582 tale
1782 518 2123 604 negotium
2145 528 2180 578 4

105 611 366 692 cuperet
411 607 714 692 effugere,
759 606 1028 691 paulum
1073 607 1356 670 adventu
1401 604 1563 670 Vari
1610 605 1999 689 conquievit.
2145 644 2187 707 2

232 695 489 779 Adhuc,
543 694 612 761 C.
659 693 925 779 Caesar,
980 693 1055 770 Q.
1100 693 1403 779 Ligarius
1451 694 1629 759 omni
1676 694 1868 777 culpa
1912 698 2118 759 vacat.
2141 729 2216 797 (4)

99 783 310 848 Domo
358 787 460 847 est
505 803 805 868 egressus
849 805 983 847 non
1025 782 1219 847 modo
1263 782 1519 847 nullum
1564 782 1646 847 ad
1690 782 1962 866 bellum,
2008 783 2123 847 sed

97 894 181 936 ne
227 872 306 935 ad
351 871 690 935 minimam
735 871 997 956 quidem
1043 870 1479 954 suspicionem
1522 870 1707 955 belli3
1750 870 2010 956 legatus
2055 870 2127 935 in

96 980 256 1043 pace
316 958 648 1043 profectus
714 962 842 1043 est3
903 959 975 1023 in
1036 958 1372 1043 provincia
1428 958 1852 1042 pacatissima
1903 958 2001 1023 ita
2055 979 2124 1023 se

99 1047 331 1132 gessit,
386 1051 465 1112 ut
519 1047 578 1111 ei
631 1069 858 1131 pacem
913 1068 1052 1111 esse
1111 1047 1457 1131 expediret.
1559 1045 1891 1111 Profectio
1946 1049 2123 1112 certe

98 1135 386 1199 animum
407 1139 596 1199 tuum
612 1157 745 1201 non
761 1136 958 1200 debet
976 1135 1325 1219 offendere3
1351 1156 1509 1199 num
1527 1134 1734 1220 igitur
1751 1134 2076 1199 remansio
2088 1134 2123 1197 ⁴?

94 1222 308 1288 Multo
354 1223 587 1288 minus.
678 1222 853 1288 Nam
896 1222 1215 1307 profectio
1262 1223 1670 1287 voluntatem
1713 1222 1948 1288 habuit
1990 1243 2125 1286 11011

93 1317 372 1395 turpem,
407 1312 731 1377 remansio
768 1312 1229 1377 necessitatem
1267 1310 1468 1375 etiam
1503 1311 1863 1376 honestam.
1939 1309 2123 1395 Ergo

89 1400 254 1465 haec
317 1400 446 1464 duo
511 1404 810 1484 tempora
873 1403 1097 1464 carent
1161 1399 1458 1483 crimine,
1521 1421 1751 1483 unum,
1814 1420 1964 1464 cum
2022 1402 2126 1463 est

89 1489 350 1572 legatus
377 1486 730 1571 profectus,
767 1488 1064 1571 alterum,
1100 1509 1248 1552 cum
1277 1487 1690 1572 ecflagitatus
1720 1510 1760 1552 a
1785 1486 2124 1570 provincia

89 1575 506 1661 praepositus
561 1574 822 1639 Africae
880 1579 997 1640 est.
1096 1574 1390 1640 Tertium
1445 1579 1704 1659 tempus
1759 1579 1887 1653 est,
1948 1574 2121 1659 quod
2142 1578 2175 1627 ⁶

87 1668 246 1747 post
308 1663 658 1727 adventum
711 1662 872 1727 Vari
934 1663 1005 1727 in
1056 1662 1284 1728 Africa
1336 1663 1615 1747 restitit3
1680 1663 1854 1747 quod
1910 1663 1969 1728 si
2022 1667 2126 1727 est

89 1750 544 1835 criminosum,
600 1751 1011 1816 necessitatis
1067 1751 1315 1816 crimen
1370 1755 1497 1833 est,
1555 1772 1691 1816 non
1747 1751 2122 1816 voluntatis.

86 1839 201 1904 An
244 1839 373 1921 ille,
421 1839 478 1903 si
522 1840 850 1923 potuisset
891 1839 1029 1904 ullo
1078 1839 1270 1903 modo
1319 1838 1607 1920 evadere,
1652 1838 1887 1904 Uticae
1927 1861 2124 1922 quam

86 1927 369 2012 Romae,
425 1949 572 1992 cum
616 1926 688 1994 P.
733 1927 924 1995 Attio
982 1950 1178 2012 quam
1228 1949 1377 1992 cum
1424 1926 1951 1993 concordissimis
1996 1926 2122 1993 fra-

87 2017 334 2098 tribus,
400 2037 548 2080 cum
607 2016 836 2081 alienis
893 2037 1032 2081 esse
1090 2036 1288 2098 quam
1344 2037 1490 2080 cum
1546 2015 1680 2080 suis
1737 2016 2123 2080 maluisset?

85 2104 257 2171 Cum
294 2104 438 2188 ipsa
468 2105 715 2189 legatio
742 2105 936 2188 plena
962 2103 1264 2168 desiderii
1296 2125 1371 2168 ac
1401 2103 1860 2169 sollicitudinis
1889 2102 2126 2170 fuisset

81 2197 360 2277 propter
420 2192 867 2257 incredibilem
923 2191 1244 2276 quendam
1302 2191 1580 2256 fratrum
1637 2212 1952 2274 amorem,
2015 2193 2125 2258 1110

84 2302 299 2364 aequo
364 2281 580 2346 animo
646 2302 786 2346 esse
849 2280 1072 2364 potuit
1134 2280 1292 2344 belli
1348 2279 1619 2344 discidio
1676 2280 2029 2346 distractus
2086 2304 2126 2345 a

83 2368 455 2432 fratribus?

224 2454 499 2521 Nullum
542 2455 751 2541 igitur
794 2456 1017 2538 habes,
1064 2454 1321 2556 Caesar,
1367 2456 1577 2556 adhuc
1624 2456 1693 2520 in
1742 2455 1816 2533 Q.
1854 2456 2121 2543 Ligario
2144 2469 2177 2517 6

81 2545 1603 2716 {zfflvgtgnzzass..Yssqfffflffissatsssntffssff
1645 2565 2125 2716 ,1110ξὲ

82 2721 144 2785 Ο
188 2721 605 2785 clementiam
641 2721 1091 2785 admirabilem
1129 2723 1327 2804 atque
1366 2721 1658 2785 omnium
1692 2721 1901 2805 laude,
1942 2742 2124 2805 prae-

79 2809 443 2892 dicatione,
499 2809 742 2873 litteris
793 2807 1361 2892 monumentisque
1408 2808 1865 2874 decorandam!
1958 2808 2125 2874 Cum

80 2897 177 2961 M.
217 2895 445 2962 Cicero
491 2896 663 2981 apud
708 2900 776 2962 te
823 2895 1111 2962 defendit
1158 2897 1360 2961 alium
1396 2896 1466 2961 in
1502 2918 1580 2962 ea
1614 2897 1953 2961 voluntate
1990 2917 2126 2962 non

77 2984 322 3063 fuisse,
383 2985 454 3049 in
519 3007 646 3069 qua
700 3007 770 3050 se
828 2985 1045 3068 ipsum
1101 2985 1452 3050 confitetur
1502 2984 1737 3068 fuisse,
1797 3005 1918 3049 nec
1974 2988 2123 3048 tuas

75 3073 330 3140 tacitas
385 3073 819 3158 cogitationes
876 3073 1244 3139 extimescit
1292 3094 1439 3156 nec,
1496 3072 1651 3156 quid
1697 3071 1823 3136 tibi
1867 3073 1946 3138 de
1994 3072 2123 3137 alio

77 3161 384 3228 audienti
429 3162 506 3225 de
555 3183 624 3226 se
665 3161 810 3244 ipso
849 3165 1163 3239 occurrat,
1209 3161 1609 3226 reformidat.
1691 3158 1884 3244 Vide,
1929 3183 2126 3245 quam
2147 3171 2187 3234 3

73 3272 224 3315 non
252 3248 686 3332 reformidem,
723 3249 886 3332 vide,
920 3254 1163 3332 quanta
1188 3250 1304 3314 lux
1330 3248 1751 3313 liberalitatis
1782 3253 1849 3313 et
1878 3249 2126 3334 sapien·

81 3339 228 3403 tiae
294 3341 446 3402 tuae
511 3336 675 3401 mihi
734 3337 903 3421 apud
958 3341 1025 3402 te
1079 3337 1324 3403 dicenti
1379 3337 1744 3422 oboriatur3
1809 3342 2128 3421 quantum

77 3429 357 3512 potem,
421 3447 577 3490 voce
641 3424 1054 3509 contendam,
1114 3430 1193 3490 ut
1252 3425 1380 3490 1100
1445 3425 1726 3508 populus
1792 3425 2127 3492 Romanus

79 3513 426 3579 exaudiat:
476 3511 793 3598 Suscepto
833 3513 1025 3598 bello,
1063 3511 1321 3598 Caesar,
1359 3517 1547 3598 gesto
1586 3513 1787 3578 etiam
1826 3537 1904 3580 ex
1938 3519 2126 3600 parte
2148 3527 2178 3572 ⁷
