2550 3875
875 186 1026 243 CAP.
1064 192 1204 242 4-6
1241 195 1271 253 5
1313 193 1537 244 11-17.
1710 191 1714 198 ’
2061 192 2191 254 349

299 347 369 412 Is
427 347 634 433 igitur
686 370 820 414 non
873 350 1065 414 modo
1123 371 1162 413 a
1215 353 1283 412 te
1338 350 1628 433 periculo
1680 350 2022 435 liberatus,
2077 353 2189 416 sed
2212 367 2277 414 15

159 437 369 501 etiam
431 437 679 501 honore
743 437 1147 521 amplissimo
1213 442 1484 504 ornatus
1539 438 1839 524 arguitur
1892 439 2068 504 domi
2123 444 2189 504 te

163 546 322 589 suae
375 525 738 591 interficere
790 527 1102 611 voluisse3
1158 527 1332 610 quod
1377 531 1479 612 tu,
1532 527 1662 592 nisi
1707 549 1856 593 eum
1900 527 2190 593 furiosis-

163 614 407 678 simum
444 613 705 698 iudices,
744 615 1059 699 suspicari
1093 615 1391 698 profecto
1428 637 1561 680 non
1595 620 1802 701 potes.
1885 614 1981 681 Ut
2018 617 2189 681 enim

103 720 134 761 s
164 702 493 786 omittam,
523 702 706 767 cuius
734 703 907 766 tanti
935 703 1196 768 sceleris
1225 703 1425 768 fuerit
1453 704 1524 768 in
1551 708 1900 788 conspectu
1922 704 2189 769 deorum

159 789 504 874 penatium
538 811 766 855 necare
803 791 1149 876 hospitem,
1187 792 1369 857 cuius
1407 796 1631 858 tantae
1667 793 2187 877 importunitatis

165 878 460 942 omnium
511 879 808 963 gentium
855 883 1051 963 atque
1099 881 1310 945 omnis
1358 881 1706 946 memoriae
1754 881 2189 946 clarissimum

163 967 390 1030 lumen
455 966 860 1052 extinguere,
923 969 1105 1032 cuius
1171 972 1395 1034 tantae
1450 968 1812 1034 ferocitatis
1872 969 2188 1035 victorem

167 1054 350 1120 orbis
396 1058 718 1119 terrarum
762 1078 896 1121 non
940 1056 1389 1141 extimescere,
1439 1057 1621 1122 cuius
1667 1061 1806 1122 tam
1850 1057 2189 1122 inhumani

85 1163 137 1203 ιο
165 1147 235 1207 et
289 1143 534 1228 ingrati
589 1144 815 1229 animi,
872 1167 911 1209 a
967 1166 1094 1229 quo
1151 1167 1265 1210 rex
1320 1145 1685 1229 appellatus
1740 1149 1941 1230 esset,
1995 1146 2066 1209 in
2112 1167 2186 1210 eo

169 1235 523 1314 tyrannum
550 1232 851 1297 inveniri:
888 1237 965 1298 ut
989 1233 1152 1298 haec
1178 1233 1501 1317 omittam,
1538 1234 1719 1299 cuius
1749 1233 1921 1298 tanti
1944 1232 2187 1298 furoris

163 1318 296 1383 fuit
341 1339 564 1384 omnes
601 1341 807 1406 reges,
853 1343 1130 1405 quorum
1175 1322 1369 1386 multi
1414 1326 1601 1388 erant
1636 1321 1918 1405 finitimi,
1965 1343 2187 1386 omnes

165 1408 412 1472 liberos
443 1409 738 1494 populos,
777 1431 999 1474 omnes
1029 1410 1259 1494 socios,
1297 1431 1519 1476 omnes
1547 1410 1932 1494 provincias,
1970 1410 2189 1475 omnia

165 1496 442 1579 denique
529 1497 819 1562 omnium
891 1519 1072 1562 arma
1144 1503 1375 1563 contra
1446 1520 1513 1563 se
1585 1521 1787 1564 unum
1861 1498 2187 1564 excitare?

87 1609 139 1652 ιο
173 1583 474 1659 Quonam
500 1584 611 1650 ille
640 1586 832 1651 modo
863 1608 1010 1651 cum
1038 1607 1259 1671 regno,
1297 1609 1443 1651 cum
1471 1588 1682 1671 domo,
1720 1609 1867 1652 cum
1896 1587 2188 1672 coniuge,

166 1695 316 1737 cum
363 1673 698 1738 carissimo
744 1674 881 1739 fflio
929 1675 1282 1739 distractus
1328 1679 1503 1739 esset
1553 1680 1739 1740 tanto
1779 1677 2018 1740 scelere
2054 1697 2189 1740 non
2207 1723 2247 1787 6

165 1760 360 1826 modo
406 1761 722 1847 perfecte,
769 1763 880 1827 sed
927 1763 1125 1827 etiam
1173 1763 1508 1848 cogitato?
1598 1763 1718 1848 At,
1765 1764 1981 1849 credo,
2026 1764 2187 1829 haec
2210 1813 2275 1862 16

163 1849 362 1914 homo
427 1849 832 1915 inconsultus
897 1855 964 1915 et
1022 1851 1406 1916 temerarius
1459 1873 1592 1916 non
1645 1852 1925 1917 videbat.
2027 1851 2187 1927 Quis

167 1938 638 2004 consideratior
681 1940 818 2025 illo,
857 1940 1002 2024 quis
1040 1941 1295 2025 tectior,
1333 1941 1477 2026 quis
1507 1941 1930 2024 prudentior?
1969 1962 2188 2024 quam-

86 2054 141 2097 20
167 2048 367 2111 quam
424 2028 550 2093 hoc
603 2029 749 2095 loco
795 2028 1180 2093 Deiotarum
1233 2051 1368 2094 non
1421 2033 1559 2093 tam
1613 2030 1875 2114 ingenio
1932 2033 1999 2094 et
2043 2052 2190 2113 pru-

166 2116 390 2181 dentia
436 2137 633 2199 quam
674 2117 798 2182 fide
837 2121 904 2181 et
939 2117 1254 2203 religione
1292 2117 1465 2181 vitae
1502 2117 1970 2182 defendendum
2006 2123 2187 2202 puto.

165 2204 348 2270 Nota
384 2204 510 2267 tibi
549 2209 649 2269 est
686 2205 969 2269 hominis
1006 2206 1321 2290 probitas,
1370 2204 1440 2271 C.
1477 2204 1733 2290 Caesar,
1772 2206 1918 2271 noti
1955 2228 2187 2291 mores,

162 2297 326 2359 nota
390 2293 775 2357 constantia.
875 2292 996 2359 Cui
1058 2316 1254 2378 porro
1264 2344 1282 2379 ,
1348 2294 1459 2377 qui
1523 2294 1715 2359 modo
1779 2295 2005 2379 populi
2059 2294 2185 2360 Ro-

164 2381 344 2446 mani
412 2402 652 2446 nomen
722 2381 997 2466 audivit,
1068 2380 1363 2446 Deiotari
1426 2382 1803 2468 integritas,
1876 2385 2185 2469 gravitaS,

87 2495 141 2539 ω
166 2471 398 2552 virtus,
442 2470 601 2534 fides
645 2491 779 2534 non
825 2475 927 2534 est
963 2469 1227 2535 audita?
1313 2470 1499 2546 Quod
1536 2471 1741 2557 igitur
1776 2471 2029 2537 facinus
2064 2494 2184 2537 nec

163 2559 233 2622 in
268 2557 602 2622 hominem
637 2558 1092 2641 inprudentem
1129 2559 1390 2623 caderet
1421 2564 1693 2643 propter
1730 2565 1978 2625 metum
2004 2583 2183 2645 prae-

167 2645 369 2711 sentis
417 2646 598 2709 exitii
633 2667 754 2710 nec
790 2646 860 2711 in
892 2645 1351 2731 facinerosum,
1394 2647 1523 2711 nisi
1552 2653 1727 2713 esset
1761 2649 1933 2713 idem
1970 2670 2184 2713 amen-

164 2734 481 2818 tissimus,
518 2734 584 2798 id
619 2756 736 2799 vos
774 2738 842 2798 et
879 2757 917 2799 a
952 2735 1091 2800 viro
1131 2735 1381 2819 optimo
1419 2739 1486 2799 et
1514 2737 1596 2800 ab
1624 2737 1887 2801 homine
1916 2736 2183 2800 minime

166 2823 372 2887 stulto
411 2822 776 2907 cogitatum
812 2844 953 2887 esse
993 2823 1410 2909 confingitis?
1475 2822 1568 2887 At
1606 2846 1801 2908 quam
1826 2846 1961 2888 non
1989 2824 2180 2888 modo
2206 2836 2265 2884 17

90 2937 141 2979 ω
165 2932 298 2975 non
362 2911 784 2994 credibiliter,
847 2912 959 2975 sed
1011 2934 1094 2977 ne
1150 2911 1509 2996 suspiciose
1564 2912 1847 2996 quidem!
1950 2909 2182 2996 ‘Oum',

163 2998 404 3083 inquit,
451 2998 543 3064 ‘in
588 3000 929 3065 castellum
976 2999 1204 3064 Peium
1248 3001 1535 3065 venisses
1583 3004 1651 3064 et
1696 3000 1960 3067 domum
2005 3000 2179 3085 regis

163 3087 443 3171 hospitis
508 3088 608 3151 tui
663 3088 1073 3174 devertisses,
1136 3089 1319 3154 locus
1375 3093 1515 3153 erat
1571 3088 1860 3172 quidam,
1924 3088 1994 3151 in
2050 3110 2178 3171 quo

163 3180 348 3240 erant
402 3196 480 3240 ea
534 3177 922 3261 composita,
978 3177 1212 3262 quibus
1267 3181 1333 3241 te
1389 3199 1502 3242 rex
1556 3196 1893 3240 munerare
1946 3177 2180 3241 consti-

163 3267 394 3328 tuerat.
503 3262 650 3328 Huc
720 3269 786 3328 te
860 3287 895 3330 e
969 3266 1228 3348 balneo,
1298 3266 1677 3349 priusquam
1750 3265 2179 3350 accumberes,

89 3376 140 3418 ⁸⁶
165 3352 394 3417 ducere
440 3352 717 3417 volebat.
806 3352 1016 3416 Erant
1061 3353 1232 3417 enim
1277 3353 1540 3437 armati,
1595 3352 1707 3435 qui
1752 3356 1818 3416 te
1863 3352 2177 3418 interfice-

165 3444 327 3524 rent,
371 3441 444 3504 in
487 3461 564 3504 eo
612 3441 756 3523 ipso
795 3441 938 3505 loco
979 3440 1320 3505 collocati?
1402 3442 1507 3506 En
1544 3442 1803 3525 crimen,
1850 3463 1931 3504 en
1969 3463 2179 3526 causa,

167 3550 276 3592 cur
332 3548 554 3612 regem
606 3527 952 3612 fugitivus,
1007 3529 1339 3595 dominum
1386 3550 1607 3593 servus
1654 3530 1937 3594 accuset!
2029 3530 2177 3614 Ego
