2550 3875
281 132 408 198 138
662 131 806 186 PRO
844 131 903 187 1..
945 131 1310 188 CORNELIO
1347 131 1586 187 BALBO
1624 130 1913 188 ORATIO.

277 293 655 378 integritas,
720 316 807 358 an
869 293 1102 378 religio
1162 293 1235 358 in
1287 315 1393 380 eo,
1458 316 1542 358 an
1597 293 1940 380 diligentia
1992 314 2310 376 umquam

278 381 597 466 requisita
642 382 787 448 est?
882 381 1093 457 Quem
1136 382 1510 466 provinciae
1549 386 1834 465 nostrae,
1882 403 2076 466 quem
2112 381 2308 446 liberi

276 469 533 554 populi,
588 491 783 554 quem
832 490 1048 556 reges,
1106 491 1300 554 quem
1343 470 1616 535 ultimae
1662 475 1892 555 gentes
1921 470 2308 552 castiorem,

279 558 800 642 moderatiorem,
846 558 1243 623 sanctiorem
1276 580 1411 624 non
1447 558 1640 622 modo
1678 557 1999 641 viderunt,
2043 557 2155 623 sed
2193 561 2310 621 aut

196 666 261 714 ιο
284 646 600 730 sperando
656 667 969 730 umquam
1024 650 1139 710 aut
1193 646 1480 730 optando
1537 646 2038 732 cogitaverunt?
2135 645 2308 722 Quid
2363 663 2390 704 ε

280 734 493 803 dicam
542 734 621 799 de
668 734 1109 799 auctoritate?
1166 755 1332 818 quae
1377 738 1567 798 tanta
1613 738 1740 819 est,
1796 737 2044 819 quanta
2086 733 2158 797 in
2201 733 2308 798 his

279 822 486 888 tantis
532 821 891 894 virtutibus
938 845 1014 888 ac
1059 823 1360 887 laudibus
1398 844 1540 887 esse
1577 823 1788 887 debet.
1881 821 2004 888 Oui
2041 825 2308 886 senatus

276 911 687 995 populusque
733 909 1071 976 Romanus
1128 911 1572 994 amplissimae
1627 911 1971 998 dignitatis
2016 909 2309 994 praemia

279 998 458 1063 dedit
518 1020 653 1063 non
709 997 1103 1082 postulanti,
1165 999 1444 1083 imperia
1495 1021 1649 1064 vero
1705 999 1907 1064 etiam
1959 999 2308 1082 recusanti,

279 1087 473 1152 huius
538 1087 616 1153 de
680 1087 884 1170 facto,
955 1087 1229 1170 iudices,
1301 1087 1399 1151 ita
1463 1086 1714 1172 quaeri,
1781 1090 1860 1151 ut
1921 1086 1988 1150 id
2053 1090 2308 1171 agatur,
2339 1107 2394 1146 10

279 1175 623 1242 licueritne
678 1175 739 1241 ei
794 1175 1035 1259 facere,
1091 1174 1265 1259 quod
1321 1174 1506 1259 fecit,
1561 1197 1646 1240 an
1697 1197 1852 1240 vero
1915 1196 2050 1239 non
2096 1175 2310 1239 dicam

278 1284 411 1328 non
455 1262 734 1346 licuerit,
786 1263 898 1328 sed
942 1262 1127 1328 nefas
1174 1262 1376 1328 fuerit
1423 1261 1683 1347 (contra
1725 1262 1956 1328 foedus
2003 1263 2196 1346 enim,
2241 1263 2310 1327 id

280 1355 383 1415 est
428 1355 659 1417 contra
701 1351 931 1435 populi
967 1350 1249 1418 Romani
1290 1351 1678 1436 religionem
1714 1355 1784 1416 et
1817 1351 2046 1434 fidem,
2073 1350 2309 1416 fecisse

280 1437 575 1524 dicitur),
629 1461 765 1504 non
820 1444 1010 1523 turpe
1065 1439 1310 1524 populo
1366 1439 1695 1524 RomanO,
1746 1441 2020 1520 nonsne]
2072 1439 2308 1504 vobis?

194 1491 260 1630 ἓ
280 1527 524 1594 Audivi
576 1527 702 1592 hoc
753 1527 831 1592 de
884 1532 1155 1610 parente
1210 1548 1358 1592 meo
1412 1549 1600 1611 puer,
1665 1549 1812 1592 cum
1868 1527 1943 1604 Q.
1999 1526 2308 1592 Metellus
2339 1548 2393 1589 15

279 1614 353 1680 L.
398 1615 444 1681 f.
501 1636 765 1680 causam
818 1615 896 1680 de
950 1615 1243 1699 pecuniis
1289 1615 1666 1700 repetundis
1712 1617 1981 1699 diceret,
2031 1615 2146 1680 ille
2190 1615 2310 1700 vir,

280 1702 385 1767 cui
439 1703 693 1786 patriae
750 1703 926 1768 salus
981 1704 1233 1768 dulcior
1290 1725 1485 1788 quam
1540 1707 1926 1788 conspectus
1974 1703 2131 1787 fuit,
2198 1704 2312 1788 qui

280 1790 358 1857 de
405 1791 673 1857 civitate
719 1791 1023 1857 decedere
1072 1813 1267 1876 quam
1310 1793 1388 1856 de
1427 1792 1752 1856 sententia
1787 1791 2024 1857 maluit
2059 1829 2150 1838 —
2184 1791 2312 1856 hoc

278 1879 487 1965 igitur
506 1901 769 1945 causam
788 1879 1043 1947 dicente
1064 1901 1211 1945 cum
1230 1880 1437 1964 ipsius
1455 1880 1718 1947 tabulae
1739 1878 2312 1948 circumferrentur

278 1968 667 2052 inspiciendi
706 1968 993 2034 nominis
1032 1991 1243 2052 causa,
1289 1968 1494 2034 fuisse
1529 1969 1810 2035 iudicem
1847 1991 1927 2033 ex
1962 1969 2098 2033 illis
2137 1969 2312 2053 equi·-
2341 1991 2397 2031 20

279 2056 459 2121 tibus
496 2055 811 2121 Romanis
854 2056 1261 2143 gravissimis
1307 2058 1468 2121 viris
1510 2057 1856 2142 neminem,
1903 2057 2064 2141 quin
2107 2078 2314 2121 remo*

279 2148 461 2208 veret
528 2144 751 2209 oculos
806 2151 865 2209 et
915 2166 985 2210 se
1040 2149 1259 2211 totum
1319 2149 1670 2229 averteret,
1734 2168 1815 2210 ne
1871 2144 2072 2228 forte,
2139 2145 2313 2229 quod

280 2232 393 2297 ille
429 2232 500 2296 in
536 2233 795 2297 tabulas
832 2233 1129 2316 publicas
1162 2233 1548 2317 rettulisset,
1583 2234 1917 2300 dubitasse
1949 2234 2313 2317 quisquam,

278 2342 589 2385 verumne
636 2343 721 2385 an
764 2320 1005 2385 falsum
1052 2326 1253 2405 esset,
1298 2321 1659 2406 videretur3
1707 2343 1830 2387 nos
1878 2320 1992 2387 On.
2039 2320 2314 2405 Pompei

280 2408 612 2475 decretum
653 2409 1017 2491 [iudicium]
1058 2410 1136 2474 de
1170 2409 1430 2473 consilii
1458 2409 1787 2474 sententia
1813 2410 2313 2493 pronuntiatum
2341 2430 2398 2472 25

278 2516 848 2582 recognoscemus,
905 2520 1053 2563 cum
1105 2498 1366 2582 legibus
1418 2497 1852 2582 conferemus,
1908 2520 2057 2562 cum
2101 2496 2316 2562 foede-

280 2584 496 2669 ribus,
574 2586 793 2649 omnia
874 2586 1297 2651 acerbissima
1377 2586 1724 2671 diligentia
1793 2585 2314 2670 perpendemus?

194 2682 259 2731 12
280 2671 563 2739 Athenis
611 2674 797 2737 aiunt
844 2696 992 2739 cum
1039 2674 1321 2758 quidam,
1367 2674 1538 2759 apud
1585 2696 1697 2739 eos
1746 2674 1859 2758 qui
1905 2677 2127 2742 sancte
2170 2694 2315 2759 gra-

278 2760 577 2845 viterque
621 2761 922 2845 vixisset,
973 2762 1426 2828 testimonium
1471 2762 1733 2846 publice
1781 2762 2054 2827 dixisset
2100 2766 2193 2846 et,
2237 2765 2316 2829 ut

279 2870 421 2915 mos
470 2847 870 2915 Graecorum
914 2854 1043 2934 est,
1092 2850 1350 2915 iurandi
1397 2872 1593 2915 causa
1639 2851 1720 2915 ad
1767 2872 1915 2915 aras
1961 2850 2314 2934 accederet,
2343 2875 2400 2915 so

278 2960 410 3003 una
471 2959 630 3003 voce
695 2959 920 3003 omnes
978 2938 1251 3022 iudices,
1312 2960 1396 3004 ne
1451 2939 1510 3003 is
1567 2939 1843 3023 iuraret,
1907 2938 2314 3004 reclamasse.

280 3024 447 3090 Cum
502 3024 736 3092 Graeci
785 3025 1085 3091 homines
1132 3027 1417 3110 spectati
1460 3026 1587 3091 viri
1626 3026 1960 3093 noluerint
1996 3026 2316 3111 religione

277 3112 484 3177 videri
545 3114 770 3196 potius
835 3135 1034 3197 quam
1091 3114 1369 3179 veritate
1423 3115 1622 3180 fidem
1673 3136 1817 3180 esse
1873 3115 2318 3198 constrictam,

278 3221 426 3282 nos,
490 3200 693 3265 etiam
754 3201 826 3265 in
883 3202 1029 3284 ipsa
1082 3202 1402 3287 religione
1457 3206 1526 3267 et
1579 3203 1804 3287 legum
1857 3207 1928 3267 et
1977 3202 2319 3268 foederum

282 3288 721 3355 conservanda
764 3288 977 3372 qualis
1013 3287 1215 3353 fuerit
1253 3289 1368 3355 Cn.
1405 3290 1779 3375 Pompeius,
1823 3291 2317 3357 dubitabimus?
2345 3316 2400 3357 3⁵

194 3383 259 3431 13
281 3372 523 3439 Utrum
569 3375 743 3441 enim
790 3376 1105 3442 scientem
1150 3376 1354 3441 vultis
1398 3382 1630 3443 contra
1665 3378 1928 3444 foedera
1961 3377 2196 3443 fecisse
2233 3401 2319 3444 an

279 3459 711 3527 inscientem?
806 3462 877 3527 Si
923 3462 1267 3545 scientem,
1315 3486 1354 3529 o
1399 3487 1639 3529 nomen
1682 3466 1897 3531 nostri
1942 3466 2228 3550 imperii!
2278 3488 2318 3531 ο
