2550 3875
363 159 498 224 234
890 150 1033 206 PRO
1071 147 1541 206 (JK-PLANCIO
1580 147 1868 204 ORATIO.

363 321 588 403 patres
637 313 992 397 conscripti
1036 312 1154 377 illo
1202 314 1469 377 senatus
1508 309 1829 392 consulto,
1876 307 2052 393 quod
2087 307 2160 372 in
2194 308 2403 373 moni·

365 409 589 471 mento
634 403 806 468 Mari
859 402 1110 466 factum
1161 403 1291 483 est,
1348 420 1477 482 quo
1524 420 1672 462 mea
1716 397 1894 462 salus
1942 397 2249 462 omnibus
2298 401 2403 461 est

363 493 674 578 gentibus
713 489 1184 572 commendata,
1227 487 1344 552 uni
1382 485 1496 553 Cn.
1542 486 1811 550 Plancio
1849 484 2100 570 gratias
2140 485 2399 570 egerint

367 581 562 667 (unus
637 579 812 644 enim
882 577 1013 642 fuit
1083 577 1162 641 de
1226 574 1730 661 magistratibus
1794 573 2096 637 defensor
2161 573 2398 638 salutis

363 666 604 756 meae),
658 667 765 732 cui
819 669 1085 730 senatus
1140 685 1260 749 pro
1319 685 1423 728 me
1478 662 1729 748 gratias
1785 661 2071 747 agendas
2115 662 2398 747 putavit,
2454 675 2479 717 ⁵

363 757 425 820 ei
472 777 596 842 ego
642 777 683 820 a
729 775 833 819 me
878 753 1285 819 referendam
1326 751 1612 837 gratiam
1646 772 1782 815 non
1815 749 2092 833 putem?
2174 749 2399 834 Atque

362 845 526 908 haec
581 865 732 909 cum
787 842 995 925 vides,
1052 862 1181 925 quo
1237 862 1342 904 me
1394 839 1659 904 tandem
1703 838 1775 902 in
1818 842 1886 902 te
1934 837 2152 902 animo
2199 843 2399 922 putas

363 954 534 1016 esse,
588 929 1009 996 Laterensis?
1063 929 1275 994 ullum
1324 948 1465 993 esse
1510 930 1772 991 tantum
1816 925 2207 1010 periculum,
2260 930 2401 992 tan-

363 1024 508 1084 tum
560 1020 882 1100 laborem,
946 1020 1204 1082 tantam
1259 1015 1775 1098 contentionem,
1832 1035 2029 1098 quam
2085 1035 2207 1100 ego
2265 1037 2402 1079 non

362 1109 556 1174 modo
603 1128 723 1192 pro
771 1107 983 1171 salute
1029 1109 1163 1188 tua,
1211 1105 1326 1168 sed
1372 1103 1576 1168 etiam
1615 1124 1736 1186 pro
1774 1101 2098 1187 dignitate
2136 1102 2399 1188 defuge—
2427 1122 2481 1160 10

361 1196 546 1261 rem?
613 1195 757 1271 Quo
803 1194 1067 1278 quidem
1103 1192 1307 1257 etiam
1344 1192 1557 1277 magis
1595 1212 1741 1255 sum
1776 1212 1909 1256 non
1946 1191 2160 1254 dicam
2196 1191 2401 1256 miser

361 1282 545 1370 (nam
608 1283 736 1348 hoc
801 1282 1063 1365 quidem
1125 1281 1440 1346 abhorret
1498 1302 1539 1344 a
1591 1279 1837 1342 virtute
1893 1275 2219 1364 verbum),
2284 1279 2400 1344 sed

362 1376 540 1438 certe
557 1370 900 1453 exercitus,
916 1391 1053 1434 non
1071 1369 1226 1452 quia
1245 1368 1474 1433 multis
1496 1367 1700 1432 debeo
1724 1365 1893 1454 (leve
1910 1365 2083 1431 enim
2103 1370 2207 1431 est
2232 1388 2399 1432 onus

359 1459 659 1525 beneficii
697 1454 961 1543 gratia),
1007 1458 1120 1522 sed
1168 1457 1324 1541 quia
1365 1476 1556 1541 saepe
1605 1457 2003 1520 concurrunt
2039 1455 2087 1538 †
2124 1459 2401 1540 propter

362 1548 735 1631 aliquorum
780 1547 944 1610 bene
991 1545 1070 1610 de
1117 1566 1220 1609 me
1266 1545 1655 1609 meritorum
1698 1543 1873 1607 inter
1912 1543 2094 1627 ipsos
2133 1547 2399 1609 conten-
2427 1560 2479 1602 1⁵

364 1635 598 1719 tiones,
642 1638 721 1698 ut
765 1634 993 1698 eodem
1034 1637 1332 1716 tempore
1369 1632 1442 1697 in
1475 1631 1689 1697 omnis
1725 1653 1954 1696 verear
1987 1653 2070 1696 ne
2105 1631 2216 1696 vix
2251 1653 2402 1716 pos-

365 1723 493 1786 sim
539 1725 768 1808 gratus
815 1721 1039 1786 videri.

277 1823 346 1873 79
503 1808 631 1875 Sed
695 1830 818 1894 ego
881 1809 1044 1874 haec
1107 1808 1271 1873 meis
1332 1808 1730 1891 ponderibus
1788 1807 2203 1892 examinabo,
2266 1829 2402 1873 non

365 1898 580 1965 solum
637 1898 793 1981 quid
843 1898 1075 1982 cuique
1122 1897 1420 1980 debeam,
1476 1897 1591 1962 sed
1636 1897 1837 1961 etiam
1883 1895 2039 1981 quid
2084 1895 2399 1981 cuiusque

253 1982 343 2046 33
363 1987 646 2069 intersit,
693 1990 762 2051 et
807 1987 964 2071 quid
1011 2008 1050 2049 a
1095 2007 1199 2050 me
1246 1985 1560 2069 cuiusque
1601 1988 1862 2071 tempus
1898 1989 2148 2069 poscat.
2241 1985 2401 2071 Agi-
2428 2001 2479 2042 2⁰

363 2080 475 2140 tur
520 2074 813 2140 studium
857 2079 1047 2138 tuum
1091 2074 1195 2138 vel
1243 2074 1472 2157 etiam,
1518 2073 1576 2138 si
1621 2074 1740 2157 vis,
1786 2073 2210 2157 existimatio,
2255 2074 2401 2139 laus

363 2162 752 2247 aedilitatis3
797 2166 867 2225 at
905 2160 1020 2228 Gn.
1066 2161 1295 2226 Planci
1332 2161 1528 2245 salus,
1571 2161 1809 2245 patria,
1846 2160 2168 2227 fortunae.
2264 2160 2400 2227 Sal-

363 2274 520 2315 vum
565 2254 640 2315 tu
685 2271 789 2314 me
835 2271 977 2315 esse
1024 2250 1294 2335 cupisti3
1338 2249 1448 2315 hic
1491 2249 1652 2314 fecit
1696 2249 1915 2334 etiam,
1959 2252 2037 2313 ut
2072 2271 2217 2315 esse
2254 2271 2401 2333 pos-

364 2360 519 2403 sem.
612 2336 956 2404 Distineor
1000 2341 1223 2403 tamen
1269 2341 1339 2402 et
1383 2338 1658 2403 divellor
1703 2337 1928 2403 dolore
1976 2340 2043 2401 et
2088 2337 2160 2402 in
2202 2359 2401 2403 causa

364 2426 612 2510 dispari
650 2426 888 2491 offendi
925 2429 992 2490 te
1031 2448 1070 2490 a
1106 2448 1210 2490 me
1247 2426 1468 2510 dole03
1512 2426 1626 2490 sed
1664 2426 1914 2491 medius
1950 2425 2144 2490 fidius
2182 2427 2396 2491 multo
2427 2440 2478 2482 2⁵

365 2514 562 2578 citius
600 2536 816 2579 meam
853 2514 1136 2579 salutem
1172 2535 1293 2597 pro
1331 2518 1398 2579 te
1436 2514 1735 2579 abiecero
1774 2534 1973 2598 quam
2010 2512 2125 2579 Cn.
2169 2514 2401 2579 Planci

273 2624 346 2673 80
367 2602 650 2667 salutem
694 2602 1022 2667 tradidero
1071 2601 1479 2667 contentioni
1525 2608 1695 2666 tuae.
1785 2602 2083 2686 Etenim,
2131 2602 2402 2687 iudices,

364 2712 514 2755 cum
560 2690 864 2755 omnibus
908 2690 1267 2755 virtutibus
1310 2712 1415 2754 me
1453 2690 1783 2755 adfectum
1818 2711 1959 2755 esse
1998 2690 2209 2773 cupi0,
2256 2694 2401 2755 tum

360 2778 528 2843 nihil
586 2781 714 2861 est,
771 2779 945 2862 quod
999 2778 1251 2862 malim,
1310 2799 1508 2861 quam
1563 2800 1667 2842 mc
1713 2782 1781 2841 et
1826 2799 1969 2843 esse
2015 2781 2282 2864 gratum
2333 2782 2403 2843 et

362 2866 585 2931 videri.
674 2865 857 2930 Haec
904 2869 1007 2930 est
1045 2866 1220 2930 enim
1255 2888 1388 2930 una
1421 2866 1632 2930 virtus
1667 2887 1804 2931 non
1841 2865 2056 2931 solum
2092 2866 2401 2949 maxima,
2428 2880 2477 2921 ³⁰

363 2953 477 3019 sed
523 2954 725 3018 etiam
770 2958 983 3018 mater
1027 2954 1353 3018 virtutum
1389 2954 1680 3019 omnium
1715 2953 2133 3038 reliquarum.
2228 2954 2403 3031 Quid

363 3045 468 3106 est
520 3042 734 3125 pietas
791 3042 922 3106 nisi
970 3041 1275 3106 voluntas
1325 3046 1517 3128 grata
1561 3042 1634 3106 in
1674 3042 2026 3125 parentes?
2083 3041 2198 3126 qui
2244 3047 2404 3107 sunt

361 3129 520 3193 boni
559 3129 751 3213 cives,
789 3129 903 3213 qui
939 3129 1114 3210 belli,
1154 3130 1267 3213 qui
1300 3130 1478 3194 domi
1506 3130 1586 3194 dc
1611 3131 1833 3214 patria
1858 3131 2023 3195 bene
2051 3134 2405 3215 merenteS,

359 3216 492 3281 nisi
531 3217 644 3300 qui
677 3218 932 3301 patriae
970 3217 1291 3283 beneficia
1324 3217 1808 3283 meminerunt?
1856 3218 1969 3303 qui
2007 3218 2238 3302 sancti,
2285 3220 2403 3303 qui

362 3304 759 3389 religionum
797 3306 1103 3388 colentes,
1138 3303 1271 3369 nisi
1305 3305 1417 3388 qui
1445 3306 1751 3370 meritam
1778 3306 1880 3371 dis
1908 3306 2401 3372 immortalibus
2429 3318 2477 3361 ³⁵

362 3391 650 3475 gratiam
684 3391 879 3456 iustis
915 3392 1275 3457 honoribus
1315 3395 1383 3456 et
1419 3393 1693 3458 memori
1720 3397 1941 3459 mente
1968 3394 2401 3478 persolvunt?

363 3478 547 3552 Quae
601 3481 826 3560 potest
881 3500 1022 3543 esse
1073 3478 1247 3542 vitae
1293 3479 1665 3545 iucunditas
1712 3482 1993 3547 sublatis
2040 3481 2401 3548 amicitiis?
