2550 3875
880 185 1035 240 GAP.
1074 191 1213 239 3-—5
1252 191 1283 250 ς)
1322 191 1513 240 7—12.
2077 185 2207 248 441

170 347 243 411 111
280 367 476 431 agros
505 345 893 410 deducendis
922 345 1153 410 tulisse
1181 345 1270 409 Μ.
1299 344 1629 411 Antonius
1660 347 1917 431 dicitur,
1954 347 2214 412 easdem

170 435 355 520 leges
402 434 480 499 de
526 433 809 520 integro,
852 438 928 497 ut
971 433 1290 518 populum
1331 437 1615 519 teneant,
1661 435 1863 499 salvis
1903 434 2213 519 auspiciis

171 522 333 586 ferri
394 522 630 606 placet.
740 522 1053 598 Quamvis
1116 522 1294 586 enim
1357 543 1460 587 res
1526 524 1732 587 bonas
1795 523 2032 588 vitiose
2094 543 2214 607 per

171 611 438 711 vimque
492 609 747 694 tulerit,
802 613 1024 675 tamen
1078 630 1191 674 eae
1243 610 1426 695 leges
1479 631 1614 675 non
1660 615 1814 676 sunt
1858 610 2212 691 habendae,

114 722 144 762 ⁶
176 699 518 781 omnisque
549 697 819 763 audacia
847 697 1232 782 gladiatoris
1262 698 1542 762 amentis
1572 699 1963 764 auctoritate
1980 702 2212 764 nostra

173 786 577 871 repudianda
621 790 742 850 est.
823 785 950 850 Illa
985 807 1139 851 vero
1177 786 1523 870 dissipatio
1560 788 1870 870 pecuniae
1908 787 2208 871 publicae
2233 806 2294 854 11

172 874 444 939 ferenda
486 873 670 938 nullo
717 874 912 939 modo
960 876 1080 958 est,
1114 896 1234 958 per
1271 896 1469 958 quam
1507 875 1885 940 sestertium
1923 875 2209 959 septiens

174 963 437 1027 miliens
501 961 687 1026 falsis
742 961 1333 1046 perscriptionibus
1389 963 1980 1046 donationibusque
2036 983 2211 1028 aver-

175 1052 283 1134 tit,
317 1054 397 1114 ut
429 1049 723 1134 portenti
761 1050 973 1114 simile
1006 1050 1306 1116 videatur
1333 1053 1590 1115 tantam
1615 1051 1959 1135 pecuniam
1984 1050 2213 1135 populi

88 1165 146 1203 10
174 1138 461 1204 Romani
525 1142 665 1203 tam
708 1139 908 1206 brevi
963 1143 1257 1222 tempore
1312 1138 1525 1222 perire
1579 1138 1893 1222 potuisse.
1995 1136 2211 1213 Quid?

174 1227 277 1291 illi
315 1227 633 1291 immanes
676 1230 983 1310 quaestus
1022 1226 1368 1311 ferendine,
1407 1248 1571 1311 quos
1599 1226 1687 1291 M.
1716 1227 1966 1292 Antoni
1993 1226 2042 1310 †
2069 1229 2214 1291 tota

176 1314 483 1379 exhausit
529 1315 759 1379 domus
773 1315 807 1379 ‘?
897 1313 1179 1380 Decreta
1215 1314 1386 1379 falsa
1419 1315 1759 1399 vendebat,
1804 1335 2025 1400 regna,
2062 1314 2213 1379 civi·

175 1407 379 1486 tates,
451 1402 879 1467 inmunitates
951 1403 1024 1468 in
1095 1425 1205 1468 aes
1270 1407 1540 1487 accepta
1602 1402 1879 1487 pecunia
1941 1403 2212 1466 iubebat

175 1491 395 1556 incidi.
484 1489 667 1555 Haec
712 1512 782 1556 se
828 1511 909 1556 ex
943 1491 1430 1556 commentariis
1469 1489 1539 1557 O.
1577 1489 1896 1575 Caesaris,
1935 1511 2213 1574 quorum

94 1603 149 1643 ιο
177 1580 322 1664 ipse
370 1582 600 1644 auctor
637 1581 798 1663 erat,
823 1597 1037 1663 agere
1075 1579 1352 1644 dicebat.
1437 1578 1757 1645 Oalebant
1791 1579 1863 1643 in
1897 1578 2214 1643 interiore

177 1667 439 1732 aedium
500 1671 688 1751 parte
754 1667 962 1732 totius
1025 1667 1120 1731 rei
1183 1667 1488 1751 publicae
1559 1666 1912 1749 nundinae3
1976 1666 2212 1731 mulier

176 1755 308 1820 sibi
370 1754 627 1820 felicior
682 1777 879 1838 quam
933 1754 1091 1819 viris
1149 1755 1522 1820 auctionem
1576 1755 2062 1856 provinciarum
2118 1776 2213 1818 re-

177 1863 589 1929 gnorumque
634 1842 949 1928 faciebat,
1002 1843 1520 1909 restituebantur
1566 1843 1784 1907 exules
1832 1843 2020 1926 quasi
2064 1842 2212 1928 lege

179 1932 321 1997 sine
367 1932 543 2017 lege3
598 1954 763 2015 quae
807 1893 949 1997 nisi,
986 1932 1380 1998 auctoritate
1429 1935 1692 1998 senatus
1739 1931 2214 2015 rescinduntur,

93 2046 150 2086 80
178 2020 492 2105 quoniam
528 2020 827 2120 ‘ingressi
879 2020 951 2085 in
1003 2042 1187 2105 spem
1242 2021 1340 2085 rei
1392 2020 1694 2121 publicae
1739 2020 2213 2104 recuperandae

177 2130 436 2193 sumus,
523 2108 743 2193 imago
825 2109 1009 2174 nulla
1088 2110 1335 2173 liberae
1418 2108 1706 2174 civitatis
1789 2108 2212 2191 relinquetur.

176 2196 411 2279 Neque
451 2196 665 2260 solum
702 2197 1187 2262 commentariis
1227 2196 1702 2262 commenticiis
1731 2196 2302 2297 chirographis-12

178 2306 308 2368 que
354 2284 693 2349 venalibus
730 2283 1223 2349 innumerabilis
1260 2284 1539 2369 pecunia
1575 2288 1888 2371 congesta
1923 2285 1994 2348 in
2028 2284 2214 2349 illam

178 2373 449 2437 domum
495 2375 625 2455 est,
680 2393 854 2455 cum,
910 2394 1075 2457 quae
1120 2374 1447 2438 vendebat
1488 2372 1848 2456 Antonius,
1892 2394 1971 2437 ea
2019 2394 2088 2437 se
2137 2395 2217 2439 ex

96 2485 150 2526 25
181 2460 351 2526 actis
390 2458 689 2525 Caesaris
727 2480 918 2546 agere
949 2460 1209 2544 diceret,
1247 2462 1360 2525 sed
1389 2465 1653 2526 senatus
1684 2461 1887 2527 etiam
1915 2462 2216 2526 consulta

178 2547 458 2633 pecunia
516 2551 785 2631 accepta
835 2547 1003 2612 falsa
1051 2548 1402 2634 referebat3
1457 2550 1868 2635 syngraphae
1916 2548 2217 2634 obsignar-

178 2638 444 2719 bantur,
489 2640 756 2700 senatus
803 2637 1105 2701 consulta
1147 2658 1504 2719 numquam
1547 2637 1726 2702 facta
1770 2637 1851 2700 ad
1893 2636 2215 2701 aerarium

179 2723 659 2789 deferebantur.
758 2722 973 2789 Huius
1029 2724 1458 2808 turpitudinis
1515 2728 1716 2790 testes
1773 2727 1960 2788 erant
2015 2722 2216 2787 etiam

182 2816 444 2877 exterae
497 2812 819 2877 nationes.
908 2811 1199 2877 Foedera
1244 2812 1493 2877 interea
1537 2812 1742 2895 facta,
1796 2831 2000 2895 regna
2045 2810 2217 2892 data,

100 2926 155 2965 so
179 2899 411 2984 populi
491 2900 991 2984 provinciaeque
1072 2900 1417 2982 liberatae,
1506 2900 1925 2984 ipsarumque
1999 2919 2218 2961 rerum

181 2988 390 3052 falsae
436 2989 702 3053 tabulae
743 2992 1045 3073 gemente
1079 2989 1325 3072 populo
1364 2987 1663 3053 Romano
1702 2990 1847 3051 toto
1887 2984 2216 3069 Capitolio

180 3076 573 3161 figebantur.
639 3074 889 3151 Quibus
934 3077 1130 3141 rebus
1178 3080 1368 3140 tanta
1412 3076 1688 3160 pecunia
1730 3096 1864 3139 una
1906 3073 1978 3137 in
2022 3073 2218 3138 domo

183 3168 569 3230 coacervata
615 3169 734 3247 est,
780 3168 873 3248 ut,
921 3165 979 3229 si
1022 3165 1149 3229 hoc
1195 3186 1401 3264 genus
1438 3163 1748 3248 pecuniae
1786 3162 1857 3225 in
1895 3161 2218 3225 aerarium

102 3251 722 3408 351611113Λτ1,1;111,11011
768 3253 859 3316 sit
902 3252 1178 3337 pecunia
1223 3252 1318 3315 rei
1364 3252 1665 3335 publicae
1711 3249 2030 3315 defutura.

375 3361 564 3426 egem
608 3340 810 3404 etiam
854 3339 1260 3404 iudiciariam
1305 3339 1464 3403 tulit
1508 3340 1706 3403 homo
1755 3341 1974 3403 castus
2021 3339 2218 3421 atque
2235 3338 2282 3403 5

182 3428 441 3511 integer
485 3428 872 3493 iudiciorum
910 3431 978 3491 et
1012 3427 1175 3490 iuris
1213 3431 1459 3491 auctor.
1523 3426 1606 3491 In
1643 3448 1770 3509 quo
1807 3448 1928 3491 nos
1965 3424 2219 3490 fefellit.

183 3514 673 3600 Antesignanos
733 3520 800 3579 et
863 3514 1302 3598 manipulares
1367 3518 1436 3577 et
1488 3514 1779 3579 Alaudas
1841 3514 2088 3578 iudices
2151 3534 2219 3577 se
