2550 3875
358 188 492 252 442
623 187 705 242 IN
741 188 817 245 M.
853 186 1246 243 ANTONTUM
1284 186 1554 242 ORATIO
1592 186 2004 242 PHILIPPICA
2039 187 2109 243 V.

360 350 779 415 constituisse
853 351 1139 434 dicebat3
1219 352 1291 413 at
1365 349 1480 414 ille
1561 349 1728 435 legit
1801 351 2150 434 aleatores,
2231 349 2414 435 legit

358 439 606 523 exules,
672 439 838 524 legit
882 438 1164 503 Graecos
1220 437 1290 520 (o
1347 459 1724 502 consessum
1777 438 2066 502 iudicum
2111 438 2412 522 praecla-

272 539 337 588 13
359 549 521 610 rum,
569 548 607 591 o
645 527 1038 612 dignitatem
1076 525 1336 591 consilli
1373 526 1845 590 admirandam!
1927 525 2103 590 Avet
2140 526 2409 589 animus

358 578 530 698 apud
584 614 930 680 consilium
974 615 1138 678 illud
1182 636 1304 698 pro
1350 634 1463 678 reo
1512 610 1778 699 dicere),
1835 611 2083 698 Cydam
2132 612 2406 679 Creten-

358 725 523 785 sem,
585 707 967 787 portentum
1028 702 1306 786 insulae,
1370 701 1701 766 hominem
1763 702 2272 767 audacissimum
2331 705 2406 765 et
2470 729 2502 770 5

354 791 890 874 perditissimum.
982 789 1109 855 Sed
1162 789 1268 855 fac
1321 811 1456 854 non
1509 811 1677 874 esse3
1729 812 1889 855 num
1932 788 2168 855 Latine
2223 789 2404 854 scit?

354 899 515 942 num
560 883 662 943 est
708 901 787 942 ex
823 878 1111 943 iudicum
1147 897 1385 963 genere
1423 881 1491 943 et
1525 877 1782 943 forma?
1827 899 2005 962 num,
2052 877 2228 962 quod
2263 899 2405 942 ma-

355 966 605 1030 ximum
651 971 771 1051 est,
816 966 995 1051 leges
1040 969 1304 1031 nostras
1341 987 1636 1030 moresve
1671 966 1876 1050 novit,
1918 984 2078 1030 num
2115 965 2402 1049 denique

354 1055 698 1120 homines?
787 1054 916 1119 Est
970 1055 1144 1119 enim
1189 1053 1388 1119 Creta
1436 1054 1624 1119 vobis
1670 1054 1892 1119 notior
1937 1074 2136 1137 quam
2181 1053 2403 1118 Roma

355 1141 592 1227 Cydae.
680 1142 978 1208 Dilectus
1035 1147 1255 1206 autem
1312 1146 1380 1206 et
1433 1142 1691 1207 notatio
1742 1142 2031 1208 iudicum
2075 1142 2279 1206 etiam
2327 1141 2402 1206 in
2435 1171 2496 1210 ιο

352 1230 602 1296 nostris
648 1231 900 1296 civibus
945 1230 1174 1295 haberi
1221 1230 1417 1315 solet3
1474 1229 1868 1314 Gortynium
1912 1251 2066 1295 vero
2112 1230 2401 1295 iudicem

357 1320 505 1402 quis
562 1319 751 1384 novit
814 1323 930 1383 aut
994 1319 1139 1402 quis
1202 1340 1397 1383 nosse
1459 1319 1723 1403 potuit?
1824 1317 2002 1383 Nam
2065 1317 2402 1402 Lysiaden

354 1407 827 1472 Atheniensem
904 1406 1199 1490 plerique
1269 1406 1602 1492 novimus3
1674 1410 1776 1471 est
1847 1407 2022 1470 enim
2094 1405 2399 1490 Phaedri,

354 1495 733 1579 philosophi
776 1493 1048 1579 nobilis,
1093 1493 1298 1579 filius,
1342 1495 1540 1559 homo
1585 1499 1924 1578 praeterea
1966 1494 2273 1579 festivus,
2319 1498 2399 1558 ut

357 1583 418 1647 ei
454 1604 604 1648 cum
632 1581 830 1648 Curio
869 1604 1247 1648 consessore
1288 1583 1643 1666 eodemque
1681 1583 2022 1648 conlusore
2057 1582 2394 1648 facillume
2428 1611 2484 1651 15

271 1691 337 1739 ¹⁴²
354 1672 569 1824 ξ’,ἲὲἒῗ
597 1669 2396 1844 ‚535321322201fflssssffizffiqf:iffgssgssgsstssssszss:

356 1869 476 1912 nec
549 1847 780 1912 debere
848 1848 1076 1913 eodem
1139 1852 1434 1931 tempore
1497 1847 1746 1912 Romae
1811 1851 1878 1913 et
1939 1847 2223 1912 Athenis
2289 1868 2396 1912 res

355 1935 668 2021 iudicare,
732 1935 1090 2021 accipietne
1154 1936 1641 2002 excusationem
1703 1936 1792 2021 is,
1856 1935 1968 2021 qui
2024 1935 2398 2021 quaestioni
2549 1991 2550 2000 ,

354 2025 660 2110 praeerit,
710 2023 1015 2090 Graeculi
1060 2024 1294 2090 iudicis
1339 2025 1532 2090 modo
1570 2024 1846 2109 palliati,
1891 2025 2085 2089 modo
2133 2025 2396 2110 togati?
2425 2054 2480 2094 ιο
2549 2077 2550 2102 ,

358 2135 442 2177 an
485 2113 989 2178 Atheniensium
1046 2113 1538 2197 antiquissimas
1592 2113 1772 2199 leges
1817 2113 2171 2199 negleget?
2267 2112 2397 2189 Qui

354 2220 552 2285 porro
600 2201 712 2265 ille
759 2222 1131 2286 consessus,
1182 2202 1249 2265 di
1295 2201 1480 2266 boni!
1573 2199 1905 2267 Cretensis
1950 2200 2162 2285 iudex,
2207 2200 2396 2284 isque

355 2288 812 2371 nequissimus.
897 2289 1106 2365 Quem
1153 2289 1236 2354 ad
1283 2289 1546 2354 modum
1592 2290 1675 2353 ad
1714 2290 1888 2354 hunc
1935 2310 2085 2353 reus
2132 2288 2396 2374 alleget,

358 2398 486 2460 quo
532 2377 727 2441 modo
775 2378 1085 2443 accedat?
1165 2377 1352 2442 Dura
1393 2377 1577 2442 natio
1625 2381 1745 2441 est.
1824 2377 1920 2441 At
1955 2377 2393 2442 Athenienses

356 2464 828 2565 misericordes.
910 2465 1082 2530 Puto
1127 2487 1210 2530 ne
1249 2463 1521 2531 Curium
1568 2465 1830 2549 quidem
1867 2486 2009 2530 esse
2045 2464 2394 2567 crudelem,
2420 2493 2473 2533 2⁵

353 2552 1995 2726 1311ἕὲἰῗἳὲῗῗοὲζζῗῖξοίἒξῗὲίιῖἶῖᾘῗζῗ
2018 2557 2203 2706 ἓξὲξ
2236 2553 2396 2726 1ἓὲξῖ

356 2728 589 2794 timam
646 2730 1131 2795 excusationem
1187 2730 1367 2794 exilii
1428 2752 1625 2795 causa
1683 2731 1898 2794 solum
1952 2730 2229 2794 vertisse
2272 2750 2394 2795 nee

272 2836 335 2885 15
356 2838 497 2881 esse
534 2820 768 2901 postea
799 2818 1163 2882 restitutos,
1226 2817 1370 2882 Hos
1399 2817 1510 2882 ille
1541 2818 1804 2882 demens
1830 2817 2076 2883 iudices
2103 2817 2393 2903 legisset,

351 2905 593 2969 horum
653 2905 921 2969 nomina
976 2906 1058 2969 ad
1114 2906 1439 2970 aerarium
1493 2906 1864 2991 detulisset,
1926 2905 2032 2970 his
2086 2924 2393 3007 magnam
2418 2933 2470 2973 ω

355 2997 613 3076 partem
664 2994 759 3057 rei
802 2993 1103 3077 publicae
1150 2993 1557 3078 credidisset,
1613 2994 1671 3059 si
1716 2994 1922 3058 ullam
1969 2994 2254 3077 speciem
2296 2994 2393 3058 rei

292 3090 335 3153 6
354 3081 655 3163 publicae
713 3081 1184 3166 cogitavisset?
1273 3080 1496 3165 Atque
1553 3102 1675 3167 ego
1723 3081 1802 3146 de
1845 3082 2024 3146 notis
2069 3081 2392 3146 iudicibus

356 3168 519 3252 dixi3
583 3188 747 3251 quos
802 3169 1017 3233 minus
1071 3168 1303 3253 nostis,
1364 3168 1548 3234 nolui
1602 3170 1970 3254 nominare3
2025 3170 2394 3252 saltatoreS,

355 3255 763 3340 citharistas,
827 3260 1045 3321 totum
1109 3257 1385 3339 denique
1441 3257 1924 3323 comissationis
1979 3257 2390 3322 Antonianae

356 3342 628 3407 chorum
701 3344 773 3407 in
844 3344 1110 3408 tertiam
1184 3344 1514 3408 decuriam
1586 3344 1874 3411 iudicum
1949 3346 2188 3410 scitote
2253 3366 2388 3409 esse
2415 3369 2464 3410 ³⁶

356 3430 741 3494 coniectum.
822 3430 951 3495 Em
998 3452 1279 3514 causam,
1328 3451 1443 3495 cur
1487 3432 1594 3496 lex
1638 3437 1779 3498 tam
1824 3433 2092 3519 egregia
2127 3437 2389 3516 tamque

354 3516 689 3595 praeclara
734 3518 1019 3582 maximo
1064 3517 1284 3601 imbri,
1333 3521 1744 3606 tempestate,
1788 3522 2022 3606 ventis,
2067 3520 2390 3606 procellis,
