2550 3875
350 160 477 223 146
729 157 870 214 PRO
908 161 970 214 L.
1011 158 1374 216 CORNELIO
1412 160 1656 216 BALBO
1696 160 1985 217 ORATIO.
2024 195 2030 201 -

344 320 528 386 Haec
546 324 702 387 sunt
716 320 896 385 >enim
911 320 1338 386 fundamenta
1353 321 1731 388 firmissima
1746 326 2011 387 nostrae
2028 321 2375 406 libertatis,

347 409 450 473 sui
488 430 810 493 quemque
846 407 1008 473 iuris
1041 413 1113 473 et
1145 410 1468 475 retinendi
1508 414 1577 475 et
1610 410 1981 475 dimittendi
2008 430 2149 475 esse
2176 410 2374 475 domi-

342 517 519 561 num.
586 496 759 562 Illud
793 518 948 562 vero
986 497 1126 562 sine
1161 498 1301 562 ulla
1336 498 1743 563 dubitatione
1772 499 2049 562 maxime
2074 501 2373 563 nostrum

342 584 642 649 fundavit
669 585 1016 669 imperium
1040 588 1113 650 et
1137 586 1366 671 populi
1393 585 1673 651 Romani
1696 607 1937 651 nomen
1964 586 2162 668 auxit,
2201 586 2374 670 quod

342 671 646 757 princeps
704 673 818 737 ille
873 676 1130 739 creator
1180 674 1376 739 huius
1430 675 1642 758 urbis,
1704 673 2051 759 Romulus,
2112 672 2370 737 foedere

347 758 591 825 Sabino
643 760 865 826 docuit
910 761 1110 826 etiam
1153 761 1459 827 hostibus
1502 726 1891 846 recipiendis
1938 761 2163 847 augeri
2205 761 2373 827 hanc

345 847 681 913 civitatem
717 852 1034 932 oportere.
1091 847 1293 914 Cuius
1330 850 1724 915 auctoritate
1761 853 1832 914 et
1866 850 2160 934 exemplo
2191 871 2373 914 num-

346 957 543 1021 quam
603 940 706 1001 est
749 937 1126 1001 intermissa
1180 960 1221 1001 a
1273 938 1632 1003 maioribus
1684 938 1931 1003 nostris
1985 937 2251 1023 largitio
2306 941 2373 1001 et

346 1024 848 1089 communicatio
897 1024 1203 1089 civitatis,
1293 1025 1527 1110 Itaque
1572 1030 1641 1091 et
1686 1048 1765 1091 ex
1806 1025 2001 1090 Latio
2043 1026 2254 1109 multi,
2297 1028 2373 1089 ut

2423 692 2450 733 5

342 1112 713 1197 Tusculani,
745 1116 824 1178 ut
858 1112 1198 1197 Lanuvini,
1232 1118 1303 1178 et
1342 1136 1425 1179 ex
1460 1113 1694 1180 ceteris
1728 1114 2107 1199 regionibus
2142 1116 2372 1199 gentes
2401 1128 2457 1168 1⁰

343 1201 682 1265 universae
734 1200 808 1265 in
861 1201 1236 1265 civitatem
1251 1205 1409 1266 sunt
1460 1206 1788 1287 receptae,
1841 1205 1921 1266 ut
1967 1200 2374 1283 Sabinorum,

311 1284 764 1371 ‘Volscorum,
837 1288 1298 1374 Hernicorum3
1348 1290 1609 1374 quibus
1671 1312 1751 1355 ex
1814 1289 2193 1354 civitatibus
2253 1311 2375 1353 nee

346 1376 559 1441 coacti
614 1380 834 1441 essent
889 1376 1154 1441 civitate
1207 1378 1479 1462 mutari,
1534 1378 1593 1442 si
1638 1378 1751 1462 qui
1793 1378 2185 1461 noluissent,
2234 1398 2375 1460 nec,

347 1464 405 1528 si
460 1464 574 1564 qui
625 1467 847 1528 essent
892 1464 1228 1529 civitatem
1270 1470 1569 1531 nostram
1613 1466 1927 1531 beneficio
1970 1428 2199 1551 populi
2242 1464 2371 1531 Ro-

345 1552 524 1615 mani
570 1551 933 1636 consecuti,
975 1552 1297 1617 violatum
1339 1553 1568 1618 foedus
1615 1576 1840 1619 eorum
1882 1553 2231 1619 videretur.

477 1638 746 1704 Etenim
783 1640 1100 1723 quaedam
1129 1640 1395 1705 foedera
1420 1645 1698 1726 exstant,
1733 1646 1810 1706 ut
1837 1640 2377 1725 Cenomanorum,

345 1726 742 1810 Insubrium,
785 1726 1258 1813 Helvetiorum,
1295 1728 1632 1831 Iapydum,
1672 1751 1811 1795 non
1845 1730 2178 1795 nullorum
2213 1730 2377 1794 item

347 1836 425 1879 ex
463 1813 681 1879 Gallia
715 1815 1162 1901 barbarorum,
1208 1838 1486 1918 quorum
1520 1818 1591 1883 in
1623 1816 1995 1883 foederibus
2034 1822 2377 1917 exceptum

347 1906 468 1988 est,
509 1924 592 1968 ne
640 1903 787 1988 quis
823 1925 1049 1969 eorum
1094 1926 1134 1970 a.
1175 1905 1369 1971 nobis
1409 1904 1579 1972 civis
1620 1905 1992 1991 recipiatur.
2084 1905 2273 1984 Quod
2317 1905 2379 1971 si

345 1991 641 2075 exceptio
676 1991 838 2058 facit
871 2014 956 2056 ne
987 1993 1200 2077 liceat,
1235 1994 1354 2058 ubi
1378 2015 1505 2059 non
1528 1995 1615 2060 sit
1638 1999 1961 2077 exceptum,
1996 1995 2087 2059 ibi
2109 2015 2377 2060 necesse

346 2083 449 2144 est
512 2079 724 2145 licere.
824 2079 959 2146 Ubi
1025 2084 1126 2146 est
1180 2044 1390 2166 igitur
1440 2083 1512 2146 in
1564 2080 1822 2147 foedere
1878 2080 2231 2166 Gaditano,
2288 2105 2379 2147 ne

347 2189 542 2250 quem
593 2168 876 2252 populus
919 2167 1257 2234 Romanus
1301 2167 1701 2236 Gaditanum
1744 2170 2020 2255 recipiat
2066 2171 2381 2235 civitate?

343 2254 705 2339 Nusquam.
796 2255 895 2320 Ac
941 2257 1152 2321 sicubi
1198 2261 1390 2340 esset,
1435 2258 1542 2322 lex
1584 2261 1652 2323 id
1700 2257 1914 2324 Gellia
1950 2262 2019 2323 et
2054 2257 2379 2342 Cornelia,

345 2364 512 2427 quae
566 2343 830 2408 definite
883 2348 1285 2428 potestatem
1334 2309 1648 2430 P'ompeio
1701 2347 2037 2412 civitatem
2092 2346 2379 2410 donandi

344 2431 633 2515 dederat,
688 2431 1080 2496 sustulisset.
1172 2431 1606 2518 Exceptum',
1654 2434 1898 2518 inquit,
1953 2434 2079 2499 est
2126 2433 2473 2519 foedus,2⁵

344 2519 664 2603 siquidem
728 2523 1216 2585 sacrosanctum
1269 2520 1412 2586 est?
1502 2521 1782 2607 Ignosco
1838 2522 1991 2607 tibi,
2052 2522 2112 2588 si
2162 2543 2381 2606 neque

343 2605 768 2672 Poenorum
748 2629 892 2671 lura
929 2608 1129 2673 calles
1168 2607 1553 2696 (reliqueras
1590 2609 1764 2675 enim
1800 2610 2135 2676 civitatem
2160 2609 2381 2695 tuam)

337 2716 552 2779 neque
605 2699 868 2760 nostras
913 2696 1193 2780 potuisti
1237 2697 1417 2782 leges
1460 2697 1808 2782 inspicere,
1861 2698 2041 2782 ipsae
2087 2698 2262 2764 enim
2306 2703 2381 2762 te

250 2793 321 2842 33
342 2804 382 2848 a
446 2783 821 2869 cognitione
875 2805 995 2849 sua
1047 2785 1289 2850 iudicio
1343 2785 1608 2869 publico
1663 2786 2102 2870 reppulerunt.
2202 2785 2383 2862 Quid

339 2870 472 2936 fuit
520 2872 589 2936 in
633 2871 976 2957 rogatione
1023 2893 1126 2956 ea,
1182 2893 1347 2956 quae
1393 2871 1473 2937 de
1514 2873 1829 2957 Pompeio
1874 2894 1917 2939 a
1959 2873 2174 2939 Gellio
2220 2877 2291 2938 et
2338 2896 2385 2938 a

341 2957 623 3024 Lentulo
653 2959 1028 3025 consulibus
1056 2961 1196 3025 lata
1223 2964 1343 3045 est,
1370 2960 1441 3025 in
1468 2982 1601 3062 quo
1622 2961 1868 3046 aliquid
1886 2965 2383 3028 sacrosanctum

340 3050 683 3131 exceptum
725 3047 1098 3114 videretur?
1169 3047 1466 3115 Primum
1500 3049 1676 3116 enim
1710 3053 2197 3116 sacrosanctum
2232 3069 2385 3114 esse

337 3133 506 3198 nihil
538 3138 780 3218 apotest
819 3135 950 3200 nisi
988 3136 1161 3220 quod
1196 3137 1479 3222 populus
1515 3138 1819 3221 plebesve
1856 3137 2099 3222 sanxit,
2142 3137 2383 3202 deinde

342 3222 711 3289 sanctiones
773 3225 1122 3289 sacrandae
1185 3229 1344 3289 sunt
1400 3229 1517 3290 aut
1578 3246 1813 3311 genere
1876 3226 2023 3310 ipso
2084 3229 2200 3290 aut
2262 3225 2389 3290 ob-

341 3309 694 3374 testatione
731 3313 801 3374 et
835 3312 1325 3377 consecratione
1360 3313 1527 3399 legis
1556 3317 1673 3379 aut
1697 3335 1963 3398 poenae,
1998 3334 2149 3378 cum
2175 3319 2387 3396 caput

341 3396 499 3479 eius,
537 3396 649 3480 qui
685 3401 914 3462 eontra
947 3397 1197 3483 fecerit,
1235 3404 1667 3466 consecratur
1724 3400 1895 3478 Quid
1928 3401 2131 3467 habes
2165 3400 2388 3486 igitur

341 3481 553 3548 dicere
608 3484 686 3549 de
733 3483 1058 3552 Gaditano
1113 3486 1371 3553 foedere
1416 3488 1555 3554 eius
1595 3490 1816 3554 modi?
1869 3493 2091 3554 utrum
2136 3488 2387 3573 capitis

245 1609 327 1671 14

257 1696 324 1745 32

2405 1566 2463 1609 15

2406 2010 2469 2050 20

2414 2891 2483 2931 80

2416 3325 2486 3368 85
