2550 3875
953 205 1108 262 CAP.
1146 214 1287 262 2--4
1324 214 1355 275 s
1392 215 1548 264 4-9.
2134 209 2261 273 377

223 391 368 435 non
432 391 580 434 cum
637 390 769 433 uno
826 369 1191 454 gladiatore
1245 371 1675 455 nequissime,
1742 371 1821 435 de
1876 392 1946 435 re
2000 371 2265 454 publica

230 457 528 543 graviter
581 478 857 542 querens
905 458 984 523 de
1027 457 1293 522 homine
1338 459 1503 524 nihil
1549 459 1699 523 dixi.
1789 458 2022 542 Itaque
2068 458 2261 524 hodie

228 545 597 630 perficiam,
657 549 735 610 ut
800 544 1174 631 intellegat,
1237 551 1556 629 quantum
1621 568 1659 610 a
1713 569 1816 612 me
1869 546 2257 612 beneficium

231 637 379 698 tum
436 633 779 717 acceperit.
870 632 966 699 At
1019 634 1221 698 etiam
1271 635 1557 718 litteras,
1614 657 1776 718 quas
1822 657 1927 700 me
1974 635 2100 700 sibi
2145 636 2261 699 mi·
2280 634 2325 697 4

172 737 202 778 ὁ
233 720 402 787 sisse
448 722 711 805 diceret,
758 721 1065 787 recitavit
1106 722 1307 787 homo
1354 726 1421 786 et
1456 722 1891 788 humanitatis
1924 745 2157 808 expers
2195 727 2263 788 et

230 808 410 875 vitae
477 809 840 875 communis
905 810 1191 896 ignarus.
1294 809 1453 886 Quis
1520 811 1693 875 enim
1747 833 2084 895 umquam,
2148 812 2262 894 qui

228 898 506 981 paulum
551 897 746 963 modo
782 898 1107 964 bonorum
1146 899 1680 964 consuetudinem
1714 903 1958 983 nosset,
2003 899 2260 964 litteras

231 986 315 1050 ad
373 1008 442 1051 se
499 986 583 1051 ab
640 986 850 1051 amico
907 986 1144 1051 missas
1201 986 1555 1051 offensione
1607 987 1827 1069 aliqua
1870 987 2263 1071 interposita

232 1073 308 1138 in
372 1074 659 1139 medium
720 1074 1000 1158 protulit
1062 1075 1409 1159 palamque
1472 1075 1818 1140 recitavit?
1928 1071 2097 1150 Quid
2160 1079 2263 1140 est

149 1177 208 1218 ιο
235 1161 416 1226 aliud
471 1162 704 1228 tollere
756 1184 835 1227 ex
879 1162 1018 1227 vita
1061 1163 1236 1227 vitae
1282 1163 1693 1246 societatem,
1747 1163 1979 1227 tollere
2026 1163 2262 1228 amico-

231 1271 380 1314 rum
441 1250 791 1334 conloquia
842 1251 1256 1316 absentium?
1349 1249 1558 1326 Quam
1605 1251 1815 1315 multa
1857 1250 2004 1315 ioca
2048 1250 2264 1316 solent

231 1359 377 1402 esse
414 1337 484 1402 in
523 1338 844 1422 epistulis,
883 1360 1047 1422 quae
1083 1339 1345 1423 prolata
1382 1344 1437 1403 si
1466 1340 1617 1422 sint,
1653 1339 1877 1422 inepta
1903 1337 2262 1422 videantur,

231 1447 436 1509 quam
477 1427 688 1490 multa
725 1426 896 1491 seria
930 1448 1138 1511 neque
1177 1430 1400 1491 tamen
1434 1427 1570 1492 ullo
1610 1427 1802 1491 modo
1840 1427 2259 1512 divulganda!

233 1511 339 1578 Sit
363 1513 491 1580 hoc
516 1514 1018 1579 inhumanitatis
1050 1517 1283 1597 [tuae]·
1268 1565 1285 1599 ,
1314 1515 1667 1580 stultitiam
1696 1514 2142 1580 incredibilem
2169 1514 2313 1581 111-8

148 1617 203 1659 16
231 1601 396 1667 dete.
462 1601 633 1678 Quid
659 1603 881 1687 habeS,
918 1602 1091 1686 quod
1118 1603 1282 1667 mihi
1310 1624 1619 1687 opponas,
1653 1602 1851 1667 homo
1882 1603 2140 1687 diserte,
2185 1607 2263 1668 ut

231 1688 556 1755 Mustelae
613 1695 682 1755 et
735 1690 961 1756 Tironi
1015 1688 1319 1755 Numisio
1374 1691 1656 1755 videris?
1748 1689 1873 1766 Qui
1929 1712 2076 1756 cum
2133 1691 2259 1757 hoc

231 1777 380 1861 ipso
427 1782 722 1862 tempore
769 1782 950 1843 stent
993 1800 1142 1843 cum
1188 1778 1425 1864 gladiis
1472 1779 1543 1842 in
1582 1783 1935 1862 conspectu
1974 1783 2259 1864 senatus,

231 1870 796 2020 Ξὲαοῳὲιὲῗοξθ
827 1866 2071 2020 1211ῆὲῗὲαὲἓὲ“Ἇξ1,ῖ;ῃὲεὲθ“ᾶὲἳὲ’
2101 1888 2256 2037 (11ἳὲ

149 2060 204 2100 8⁰
233 2064 527 2126 opponas
583 2044 873 2127 tandem,
929 2044 989 2108 si
1039 2063 1276 2129 negem
1330 2064 1434 2109 me
1488 2064 1803 2126 umquam
1852 2042 1934 2107 ad
1980 2048 2047 2107 te
2093 2044 2256 2107 istas

228 2130 490 2195 litteras
537 2132 821 2215 misisse,
872 2153 1000 2215 quo
1047 2153 1150 2197 me
1197 2135 1369 2196 teste
1416 2131 1805 2197 convincas?
1895 2130 2004 2196 An
2050 2131 2258 2197 chiro-

229 2218 528 2303 grapho?
583 2220 655 2284 in
709 2241 837 2321 quo
891 2218 1094 2284 habes
1153 2219 1497 2285 scientiam
1552 2223 2033 2302 quaestuosam.
2132 2218 2255 2321 Qui

226 2305 490 2389 possis?
537 2311 692 2372 sunt
737 2307 910 2371 enim
955 2307 1207 2371 librarii
1252 2329 1467 2372 manu.
1559 2306 1703 2372 Iam
1749 2306 2003 2372 invideo
2052 2309 2256 2393 111381-

229 2397 369 2458 stro
407 2398 542 2478 tuo,
579 2394 693 2477 qui
728 2398 794 2459 te
831 2399 1019 2459 tanta
1054 2395 1367 2479 mercede,
1404 2398 1718 2478 quantam
1747 2395 1878 2460 iam
1905 2394 2253 2479 proferam,

147 2500 202 2541 25
227 2481 396 2546 nihil
451 2504 679 2565 sapere
734 2482 980 2547 doceat.
1071 2479 1240 2558 Quid
1294 2484 1470 2547 enim
1521 2486 1622 2547 est
1668 2483 1881 2547 minus
1927 2506 2061 2548 non
2106 2484 2249 2549 dico
2271 2498 2306 2547 9

229 2570 531 2654 oratoris,
569 2570 682 2635 sed
717 2570 1002 2635 hominis
1040 2592 1237 2653 quam
1272 2570 1342 2635 id
1370 2571 1625 2636 obicere
1655 2571 2041 2655 adversario,
2079 2572 2253 2672 quod

228 2656 340 2722 ille
387 2658 444 2721 si
489 2658 688 2723 verbo
728 2659 1008 2743 negarit,
1053 2658 1314 2744 longius
1351 2658 1659 2745 progredi
1692 2681 1826 2723 non
1862 2622 2092 2759 possit,
2142 2660 2254 2743 qui

229 2745 590 2810 obiecerit?
679 2744 774 2811 At
819 2766 942 2831 ego
987 2767 1123 2810 non
1165 2767 1333 2833 nego
1380 2750 1574 2832 teque
1619 2746 1691 2811 in
1734 2747 1866 2811 isto
1914 2746 2059 2830 ipso
2108 2767 2254 2811 con-

227 2833 415 2898 vinco
469 2855 606 2897 non
657 2833 1160 2899 inhumanitatis
1212 2835 1452 2918 solum,
1508 2834 1620 2900 sed
1666 2834 1865 2898 etiam
1913 2833 2252 2898 amentiae.

148 2939 202 2978 ⁸⁰
231 2919 418 2996 Quod
474 2922 649 2986 enim
702 2923 972 2987 verbum
1026 2923 1097 2986 in
1149 2922 1298 2987 istis
1354 2922 1596 2987 litteris
1653 2926 1755 2987 est
1807 2942 1942 2985 11011
1986 2921 2251 3004 plenum

223 3009 685 3094 humanitatis,
731 3010 951 3094 officii,
996 3010 1519 3075 benivolentiae?
1613 3008 1820 3075 Omne
1868 3012 2089 3073 autem
2135 3009 2251 3073 cri-

225 3118 376 3162 men
428 3102 617 3162 tuum
672 3101 800 3182 est,
856 3098 1030 3182 quod
1085 3099 1162 3163 de
1217 3103 1285 3164 te
1342 3099 1413 3163 in
1463 3099 1569 3163 his
1616 3097 1857 3161 litteris
1902 3117 2036 3161 non
2081 3096 2251 3161 male

225 3185 610 3269 existimem,
647 3187 820 3269 quod
859 3187 1141 3252 scribam
1173 3192 1511 3268 tamquam
1541 3186 1622 3251 ad
1651 3185 1876 3268 civem,
1914 3188 2251 3268 tamquam

225 3273 307 3338 ad
349 3274 596 3338 bonum
640 3274 879 3358 virum,
923 3296 1057 3339 non
1101 3279 1440 3358 tamquam
1487 3275 1567 3339 ad
1614 3273 2003 3337 sceleratum
2048 3276 2118 3337 et
2160 3273 2250 3337 la-

149 3378 200 3419 ³⁶
227 3364 501 3426 tronem.
590 3360 685 3425 At
730 3382 853 3447 ego
900 3365 1048 3426 tuas
1093 3362 1371 3444 litteras,
1417 3363 1543 3427 etsi
1588 3362 1728 3426 iure
1770 3365 2069 3445 poteram
2107 3382 2146 3423 a
2182 3364 2248 3424 te

224 3449 596 3533 lacessitus,
643 3453 866 3514 tamen
907 3470 1040 3513 non
1083 3449 1439 3533 proferam3
1486 3449 1721 3533 quibus
1767 3449 1957 3533 petis,
2001 3450 2079 3511 ut
2123 3448 2247 3512 tibi

224 3559 338 3621 per
384 3560 488 3602 me
534 3537 733 3601 liceat
778 3536 1097 3620 quendam
1143 3538 1220 3602 de
1259 3537 1455 3602 exilio
1494 3538 1815 3621 reducere,
1862 3536 2246 3620 adiurasque
