2550 3875
865 128 1018 183 cAP.
1060 136 1196 183 5—⁷
1240 134 1269 193 5
1314 136 1538 183 11-16.
2077 130 2201 193 511

167 294 469 375 sperant,
543 312 690 355 cum
765 290 1098 355 effundant
1172 311 1306 354 sua.
1417 290 1573 354 Vidi
1647 291 1847 354 etiam
1912 288 1981 356 P.
2047 289 2209 355 Deci

167 380 570 463 auctionem,
636 379 797 444 clari
859 378 1011 461 viri,
1077 379 1190 462 qui
1253 378 1576 442 maiorum
1640 379 1935 463 exempla
1997 400 2207 462 perse-

167 488 378 552 quens
432 488 553 551 pro
610 466 824 531 alieno
871 488 939 531 se
987 487 1132 530 aere
1179 466 1459 531 devovit.
1547 466 1830 551 Emptor
1872 470 2094 531 tamen
2139 467 2208 530 in

165 578 248 621 ea
303 554 604 620 auctione
651 556 956 619 inventus
1005 558 1107 619 est
1152 575 1364 619 nemo,
1445 553 1797 619 Hominem
1842 554 2207 638 ridiculum,

108 664 136 702 ⁵
169 644 287 728 qui
332 663 402 708 se
441 663 771 729 emergere
798 663 874 708 ex
901 664 1046 706 aere
1077 642 1291 707 alieno
1318 645 1510 726 putet
1535 663 1747 727 posse,
1785 664 1934 708 cum
1969 642 2207 708 vendat

167 732 408 797 aliena!
511 729 685 796 Nam
751 731 905 815 quid
971 751 1094 816 ego
1161 731 1236 795 de
1297 730 1624 795 Trebellio
1689 730 1945 796 dicam?
2011 753 2203 816 quem
2228 743 2289 791 14

168 821 349 885 ultae
389 819 692 884 videntur
727 818 963 883 Furiae
1002 818 1401 903 debitorum3
1445 818 1765 883 vindicem
1804 819 1976 883 enim
2012 841 2206 884 nova-

167 931 315 973 rum
363 908 737 973 tabularum
782 928 1019 972 novam
1067 908 1362 971 tabulam
1408 906 1717 972 videmus.
1793 904 1960 983 Quid
2008 907 2084 971 de
2132 906 2203 971 Τ.

165 996 460 1097 Planco?
499 1018 691 1081 quem
725 995 1331 1081 praestantissimus
1368 994 1545 1079 civiS,
1581 993 1844 1079 Aquila,
1878 993 2207 1059 Pollentia

81 1105 137 1143 ¹⁰
166 1086 442 1239 ἓῗὲἓὲῗέ
448 1083 1789 1273 fizfflsssse{ffgzffizssssssffiufflssaff
1800 1082 2204 1235 ὲῗὲὲἓὲῗιῗὲ.

166 1261 493 1327 exercitus
521 1282 725 1345 paene
753 1260 1081 1344 praeterii,
1109 1260 1180 1323 Τ.
1210 1259 1500 1324 Annium
1529 1256 1887 1359 Cimbrum,
1913 1256 2204 1343 Lysidici

163 1350 398 1433 filium,
425 1348 847 1451 Lysidicum
829 1370 1045 1433 ipsum
1068 1346 1347 1429 [Graeco
1376 1348 1624 1431 verbo],
1654 1346 1963 1431 quoniam
1984 1345 2204 1411 omnia

163 1439 314 1503 iura
341 1401 661 1521 dissolvit,
687 1438 817 1502 nisi
845 1437 1072 1502 forte
1053 1458 1192 1501 iure
1224 1434 1624 1500 Germanum
1653 1434 1920 1500 Cimber
1948 1434 2203 1500 occidit.

79 1544 133 1585 1⁵
313 1524 479 1592 Cum
567 1525 736 1591 hanc
825 1528 894 1590 et
973 1524 1168 1589 huius
1263 1523 1519 1612 generis
1605 1523 1861 1607 copiam
1948 1526 2203 1587 tantam

161 1616 409 1681 habeat
473 1613 828 1691 AntoniuS,
904 1613 1076 1697 quod
1151 1609 1361 1678 scelus
1430 1611 1721 1696 omittet,
1796 1632 1942 1677 cum
2005 1609 2202 1676 Dola-

162 1704 343 1770 bella
387 1703 595 1768 tantis
633 1724 701 1767 se
740 1663 1168 1767 obstrinxerit
1203 1700 1573 1785 parricidiis
1608 1720 2022 1784 nequaquam
2057 1699 2202 1801 pari

162 1793 497 1857 latronum
571 1812 768 1856 manu
832 1793 901 1855 et
966 1789 1195 1872 copia?
1299 1788 1739 1873 Quapropter,
1813 1791 1889 1852 ut
1952 1786 2199 1852 invitus
2224 1798 2289 1848 15

165 1901 363 1965 saepe
427 1878 703 1946 dissensi
768 1900 808 1943 a
863 1877 938 1957 Q.
992 1876 1208 1961 Fufio,
1272 1877 1371 1943 ita
1434 1898 1579 1942 sum
1644 1876 1783 1942 eius
1839 1875 2201 1942 sententiae

77 1987 134 2026 2⁰
160 1971 448 2034 libenter
503 1969 833 2033 adsensus.
923 1966 1027 2032 Ex
1082 1989 1211 2050 quo
1265 1966 1552 2032 iudicare
1607 1965 1861 2031 debetis
1915 1986 2019 2030 me
2069 1986 2204 2030 non

163 2081 317 2124 cum
360 2056 623 2122 homine
671 2056 899 2134 solere,
951 2055 1064 2120 scd
1111 2076 1258 2119 cum
1307 2076 1503 2120 causa
1549 2053 1875 2118 dissidere.
1968 2052 2201 2137 Itaque

159 2168 299 2212 non
363 2144 695 2210 adsentior
759 2145 1000 2228 solum,
1065 2143 1176 2208 sed
1231 2143 1433 2208 etiam
1489 2141 1736 2228 gratias
1792 2161 1918 2228 ago
1984 2140 2203 2226 Fufi0;

163 2233 334 2298 dixit
371 2234 544 2299 enim
581 2254 890 2316 severam,
927 2253 1213 2318 gravem,
1249 2253 1283 2296 e
1317 2253 1386 2296 re
1414 2231 1679 2316 publica
1708 2230 2031 2316 [dignam]
2062 2250 2201 2295 sen-

163 2323 473 2406 tentiam,
536 2321 846 2386 iudicavit
900 2321 1160 2386 hostem
1216 2318 1653 2397 Dolabellam,
1718 2319 1894 2384 bona
1949 2317 2202 2383 censuit

75 2429 131 2469 2⁵
163 2410 425 2495 publice
497 2409 903 2494 possidenda.
1014 2406 1156 2485 Quo
1221 2430 1371 2474 cum
1435 2407 1582 2472 addi
1638 2369 1811 2471 nihil
1873 2407 2202 2491 potuisset

165 2498 357 2583 (quid
402 2498 576 2563 enim
623 2498 909 2563 atrocius
954 2497 1192 2581 potuit,
1238 2497 1394 2581 quid
1441 2496 1728 2562 severius
1767 2495 2107 2560 decernere
2118 2492 2201 2578 P),

164 2587 334 2652 dixit
380 2590 620 2670 tamen,
667 2587 723 2651 si
770 2585 914 2670 quis
962 2607 1205 2668 eorum,
1252 2585 1365 2685 qui
1410 2588 1563 2669 post
1601 2605 1670 2649 se
1708 2584 1927 2669 rogati
1964 2586 2201 2666 essent,

165 2673 537 2762 graviorem
566 2674 960 2740 sententiam
988 2673 1276 2756 dixisset,
1305 2672 1374 2736 in
1400 2694 1546 2737 eam
1572 2693 1641 2736 se
1669 2671 1933 2736 iturum.
1987 2669 2199 2746 Quam

165 2763 584 2828 severitatem
633 2762 778 2845 quis
825 2765 1046 2846 potest
1091 2782 1223 2825 non
1259 2724 1577 2825 laudare?

75 2871 134 2911 3⁰
302 2850 521 2935 Nunc,
604 2850 910 2934 quoniam
981 2848 1194 2914 hostis
1266 2853 1369 2913 est
1439 2847 1761 2913 iudicatus
1833 2819 2257 2930 Dolabellas]

164 2939 342 3004 bello
400 2943 502 3004 est
556 2937 1053 3022 persequendus,
1143 2935 1374 3021 Neque
1422 2937 1594 3001 enim
1642 2934 1945 3019 quiescit,
1997 2896 2243 2998 habetl

164 3028 511 3114 legionem,
555 3027 756 3091 habet
801 3024 1134 3111 fugitivos,
1179 3025 1382 3090 habet
1424 3025 1808 3090 sceleratam
1844 3021 2199 3106 impiorum

165 3137 463 3200 manum,
500 3115 648 3180 est
630 3135 770 3199 ipse
799 3112 1145 3198 confidens,
1179 3114 1525 3198 impotens,
1553 3109 1945 3213 gladiatorio
1974 3109 2199 3196 generi

164 3204 402 3270 mortis
457 3203 771 3268 addictus.
863 3201 1074 3278 Quam
1130 3201 1213 3266 ob
1269 3223 1435 3286 rem,
1491 3199 1799 3285 quoniam
1851 3197 2198 3264 Dolabella

74 3313 132 3353 ³⁵
163 3295 474 3358 hesterno
521 3291 623 3356 die
668 3291 859 3356 hoste
905 3289 1164 3355 decreto
1211 3290 1458 3354 bellum
1504 3288 1866 3374 gerundum
1913 3289 2033 3370 est,
2083 3285 2199 3350 im-

164 3383 434 3467 perator
488 3383 589 3444 est
641 3378 1036 3464 deligendus.
1127 3377 1311 3442 Duae
1358 3378 1569 3442 dictae
1616 3380 1770 3442 sunt
1817 3374 2198 3458 sententiae,

165 3489 444 3551 quarum
497 3470 796 3532 neutram
851 3466 1089 3551 prob0,
1152 3467 1452 3543 alteram,
1518 3466 1672 3550 quia
1726 3485 2006 3549 semper,
2070 3463 2198 3528 nisi

2224 2909 2287 2957 16
