2550 3875
294 168 428 232 390
570 167 653 222 IN
688 167 762 223 M.
801 164 1195 221 ANTONIUM
1231 163 1503 221 ORATIO
1541 164 1950 220 PHILIPPICA
1985 164 2057 218 11.

296 352 337 394 a
374 328 698 414 principio
738 328 1084 394 ordiamur.
1156 327 1448 393 Tenesne
1486 326 1804 392 memoria
1838 329 2341 410 praetextatum

295 423 362 482 te
410 417 787 482 decoxisse?
860 415 1146 501 ‘Patris',
1191 415 1468 500 inquies,
1513 415 1668 480 ‘ista
1715 414 1908 498 culpa
1954 414 2117 480 est}
2163 413 2342 482 Con—

296 507 472 570 cedo.
544 505 812 570 Etenim
848 509 950 570 est
985 505 1255 589 pietatis
1293 503 1488 587 plena
1523 502 1833 568 defensio.
1893 502 2069 568 Illud
2104 506 2342 568 tamen

297 593 603 659 audaciae
659 597 810 658 tuae
821 645 837 677 ,
895 593 1070 677 quod
1124 591 1355 658 sedisti
1400 591 1484 657 in'
1517 589 2043 676 quattuordecim
2089 591 2338 656 ordini-

295 682 439 766 buS,
487 703 635 746 cum
680 685 855 746 esset
900 681 1045 767 lege
1088 680 1330 746 Roscia
1374 680 1828 746 decoctoribus
1876 683 2094 746 certus
2139 679 2332 746 locus
2392 694 2424 736 ⁵

298 770 697 835 constitutus
707 821 725 854 ,
805 770 1103 853 quamvis
1168 769 1344 855 quis,
1378 767 1680 833 fortunae
1742 767 1934 852 vitio,
2008 789 2144 834 non
2206 789 2334 833 suo

296 858 679 924 decoxisset.
780 856 1138 942 Sumpsisti
1200 857 1486 941 virilem,
1549 877 1749 940 quam
1812 856 2043 921 statim
2096 855 2334 921 mulie-

295 947 483 1011 brem
528 951 756 1032 togam
792 944 1148 1011 reddidisti.
1220 944 1444 1010 Primo
1483 944 1750 1029 vulgare
1791 947 2100 1028 scortum,
2148 948 2336 1010 certa

296 1035 537 1120 flagitii
572 1056 839 1119 merces,
874 1056 993 1100 nec
1030 1055 1107 1098 ea
1141 1056 1373 1118 parva3
1411 1034 1523 1098 sed
1563 1032 1696 1098 cito
1725 1031 1924 1098 Curio
1953 1032 2332 1117 intervenit,

295 1123 409 1208 qui
455 1127 521 1189 te
568 1145 609 1188 a
652 1122 1021 1188 meretricio
1065 1125 1346 1206 quaestu
1382 1121 1654 1185 abduxit
1689 1124 1774 1203 et,
1820 1125 2161 1205 tamquam
2198 1124 2332 1185 sto·
2363 1145 2422 1185 10
2461 1129 2472 1138 '

212 1211 219 1218 “
295 1211 431 1276 lam
467 1211 769 1296 dedisset,
807 1210 880 1275 in
915 1209 1335 1275 matrimonio
1376 1208 1602 1274 stabili
1638 1212 1707 1274 et
1741 1212 1921 1274 certo
1959 1208 2330 1274 collocavit.

208 1318 277 1367 45
297 1298 513 1364 Nemo·
565 1321 878 1382 umquam
922 1320 1083 1382 puer
1128 1301 1389 1382 emptus
1434 1297 1726 1363 libidinis
1773 1318 1970 1363 causa
2015 1301 2154 1362 tam
2199 1297 2331 1361 fuit

260 1389 367 1452 in
420 1388 667 1453 domini
722 1391 1053 1471 potestate
1109 1407 1308 1470 quam
1357 1390 1433 1450 tu
1476 1387 1548 1451 in
1591 1383 1914 1451 Curionis.
2007 1384 2328 1462 Quotiens

297 1480 363 1540 te
408 1479 598 1559 pater
645 1475 783 1538 eius
829 1475 1028 1559 domu
1074 1496 1193 1540 sua
1239 1473 1458 1558 eiecit,
1514 1474 1817 1558 quotiens
1865 1473 2168 1539 custodes
2214 1495 2332 1558 po-

298 1564 458 1647 suit,
517 1584 599 1628 ne
652 1563 855 1627 limen
908 1563 1215 1627 intrares!
1272 1584 1422 1628 cum
1475 1566 1558 1626 tu
1605 1566 1828 1626 tamen
1878 1565 2070 1626 nocte
2129 1562 2328 1646 socia,
2357 1585 2413 1626 ιε
2515 1581 2523 1590 ·

296 1652 605 1717 hortante
651 1649 939 1734 libidine,
985 1654 1260 1736 cogente
1307 1649 1601 1716 mercede
1647 1672 1764 1734 per
1801 1649 2059 1736 tegulas
2096 1649 2329 1714 demit-

296 1744 525 1804 terere.
624 1737 801 1815 Quae
863 1739 1119 1824 flagitia
1180 1739 1412 1804 domus
1473 1738 1592 1802 illa
1655 1738 1900 1802 diutius
1959 1737 2132 1803 ferre
2193 1759 2330 1803 non

296 1826 535 1912 potuit.
637 1825 862 1892 Scisne
908 1848 1012 1892 me
1068 1827 1146 1891 de
1202 1827 1396 1891 rebus
1448 1826 1611 1890 mihi
1655 1826 2020 1891 notissimis
2067 1826 2328 1892 dicere?

286 1915 662 1983 ‘Recordare
709 1914 969 2000 tempus
1014 1915 1195 1999 illud,
1242 1936 1391 1981 cum
1435 1918 1622 1999 pater
1658 1912 1856 1981 Curio
1903 1936 2200 1980 maerens
2237 1913 2328 1980 ia-

299 2006 489 2070 cebat
541 2004 614 2070 in
666 2005 838 2070 lecto
848 2056 867 2089 ,
924 2004 1099 2069 filius
1156 2025 1224 2068 se
1281 2004 1362 2068 ad
1416 2005 1612 2088 pedes
1667 2024 1848 2068 meos
1873 2018 1878 2025 ·
1902 2007 2324 2087 prosternens
2353 2026 2408 2067 ιο

297 2093 645 2159 lacrimans
692 2098 759 2158 te
806 2093 969 2157 mihi
1017 2092 1533 2169 commendabat,
1581 2092 1833 2176 orabat,
1875 2095 1953 2156 ut
1989 2112 2058 2156 se
2097 2095 2328 2157 contra

300 2204 491 2246 sumn
534 2185 819 2265 patrem,
874 2181 931 2245 si
978 2180 1357 2245 sestertium
1377 2240 1382 2244 ,
1403 2179 1742 2265 sexagiens
1787 2183 2068 2264 peteret,
2114 2178 2328 2245 defen—

299 2270 544 2351 derem3
599 2272 859 2332 tantum
914 2268 1085 2333 enim
1140 2290 1209 2333 se
1265 2290 1386 2352 pro
1443 2272 1510 2332 te
1555 2268 2002 2333 intercessisse
2048 2267 2326 2332 dicebat.

297 2355 451 2440 Ipse
506 2360 729 2420 autem
782 2378 1004 2421 amore
1060 2357 1292 2421 ardens
1343 2356 1798 2439 confirmabat,
1855 2356 2029 2440 quod
2085 2355 2326 2421 deside-

297 2443 471 2508 rium
516 2444 617 2507 tui
662 2444 917 2509 discidii
961 2444 1131 2510 ferre
1175 2466 1312 2509 non
1354 2448 1608 2528 posset,
1658 2466 1727 2509 se
1770 2443 1843 2508 in
1889 2443 2159 2508 exilium
2202 2445 2325 2508 itu-
2351 2467 2400 2508 25

210 2552 279 2601 46
300 2554 461 2596 rum.
564 2530 707 2608 Quo
772 2537 1065 2617 tempore
1126 2553 1249 2617 ego
1298 2536 1543 2618 quanta
1598 2532 1772 2597 mala
1823 2531 2324 2598 florentissimae

298 2619 587 2685 familiae
634 2621 854 2686 sedavi
898 2622 1002 2685 vel
1047 2619 1268 2705 potius
1317 2620 1582 2686 sustuli!
1659 2620 1846 2685 Patri
1891 2620 2207 2705 persuasi,
2251 2624 2325 2685 ut

299 2731 409 2775 aes
466 2708 751 2773 alienum
803 2709 925 2773 filii
980 2709 1393 2793 dissolveret,
1446 2708 1793 2773 redimeret
1845 2709 2326 2774 adulescentem

251 2824 261 2835 ·
298 2820 555 2862 summa
599 2818 713 2881 spe
761 2801 828 2862 et
874 2796 1076 2861 animi
1122 2801 1189 2861 et
1222 2796 1472 2882 ingenii
1507 2797 1880 2896 praeditum
1915 2796 2011 2861 rei
2047 2795 2324 2861 familia-

299 2886 395 2950 ris
444 2884 871 2950 facultatibus
928 2906 1203 2969 eumque
1257 2907 1393 2949 non
1448 2885 1640 2963 modo
1694 2888 1810 2948 tua
1852 2883 2322 2969 familiaritate,
2347 2909 2398 2949 ³0

300 2974 413 3038 sed
468 2974 666 3039 etiam
722 2972 1179 3059 congressione
1233 2972 1451 3057 patrio
1504 2972 1645 3038 iure
1692 2976 1760 3037 et
1803 2976 2136 3056 potestate
2181 2994 2324 3057 pro-

297 3060 573 3126 hiberet.
663 3060 845 3126 Haec
890 3065 965 3125 tu
1012 3056 1159 3125 cum
1202 3083 1322 3144 per
1368 3082 1470 3125 me
1517 3065 1666 3125 acta
1711 3059 2146 3141 meminisses,
2195 3059 2326 3125 nisi

299 3148 461 3233 illis,
517 3170 679 3233 quos
726 3148 1045 3232 videmus,
1095 3149 1332 3234 gladiis
1379 3149 1762 3233 confideres,
1809 3148 2174 3213 maledictis
2220 3171 2322 3214 me

200 3219 280 3282 19
299 3250 653 3320 provocare
717 3259 913 3302 ausus
975 3237 1194 3301 esses?
1296 3235 1422 3301 Sed
1474 3235 1608 3301 iam
1664 3241 1893 3321 stupra
1948 3240 2017 3301 et
2069 3236 2324 3322 flagitia

210 3310 278 3355 4⁷
302 3324 712 3409 omittamus3
758 3330 913 3389 sunt
959 3325 1302 3408 quaedam,
1351 3346 1513 3407 quae
1557 3324 1834 3389 honeste
1877 3347 2012 3390 non
2054 3346 2322 3408 possum
2348 3349 2396 3389 ³⁵

303 3409 540 3495 dicere3
584 3415 659 3475 tu
706 3415 927 3476 autem
972 3435 1047 3476 eo
1092 3412 1380 3496 liberior,
1429 3412 1601 3495 quod
1645 3434 1723 3477 ea
1766 3411 1837 3477 in
1878 3417 1944 3477 te
1981 3411 2322 3496 admisisti,
2373 3434 2382 3443 ·

305 3518 469 3576 quae
533 3519 573 3561 a
635 3500 995 3563 verecundo
1058 3498 1326 3563 inimico
1385 3499 1608 3563 audire
1660 3522 1796 3565 non
1847 3522 2094 3585 posses,
2196 3498 2324 3566 Sed
