2550 3875
16 0 26 123 ff

16 126 19 243 ξ
133 172 162 206 s
805 156 960 213 CAP.
999 163 1211 212 22-24
1243 164 1279 224 ς
1320 163 1550 213 54-59,
2074 157 2213 222 105

175 320 497 385 obiectum
552 323 657 385 est.
754 318 847 383 Et
901 324 1044 385 erat
1095 323 1234 384 tam
1291 320 1553 385 demens
1606 320 1742 403 hic,
1798 320 1904 385 cui
1953 342 2071 385 vos
2116 320 2213 383 in-

176 406 436 492 genium
485 412 658 472 certe
699 407 1013 491 tribuitis,
1059 408 1320 472 etiamsi
1357 412 1573 473 cetera
1608 408 1877 473 inimica
1914 409 2209 473 oratione

175 494 533 580 detrahitis,
578 499 655 560 ut
703 496 916 561 omnis
965 517 1116 561 suas
1161 495 1461 561 fortunas
1510 496 1741 561 alienis
1789 496 1994 562 servis
2038 518 2207 561 com-

14 662 16 667 ,
175 584 505 649 mitteret?
595 583 690 651 At
737 584 976 668 quibus
1022 584 1274 649 servis?
1327 581 1557 667 (refert
1601 585 1775 649 enim
1813 605 2209 670 magnopere

14 678 17 753 ξ
122 688 148 728 5
174 673 238 736 id
281 669 527 756 ipsum)
573 672 768 754 iisne,
821 693 985 757 quos
1031 672 1463 757 intellegebat
1505 695 1639 738 non
1686 673 2016 738 communi
2063 694 2209 737 con-

12 787 15 835 1
175 760 422 825 dicione
462 723 798 825 servitutis
834 760 954 845 uti,
990 761 1104 825 sed
1129 760 1454 844 licentius,
1490 760 1781 844 liberius,
1817 760 2208 825 familiarius

176 870 318 913 cum
355 848 620 913 domina
654 848 917 914 vivere?
993 846 1154 925 Quis
1193 849 1368 913 enim
1399 812 1527 914 h'oc
1552 870 1681 915 non
1714 850 1909 932 videt,
1944 848 2210 932 iudices,

174 940 286 1001 aut
339 936 485 1019 quis
540 936 831 1021 ignorat,
885 936 955 1000 in
1001 936 1140 1001 eius
1197 937 1375 1002 modi
1421 938 1644 1021 domo,
1705 937 1776 1002 in
1821 958 1952 1020 qua
1997 940 2210 1001 mater

171 1024 454 1089 familias
510 1024 879 1089 meretricio
933 1046 1136 1089 more·
1161 1025 1368 1109 vivat,
1421 1025 1492 1090 in
1538 1046 1668 1109 qua
1710 1025 1877 1090 nihil
1923 1029 2209 1110 geratur,

97 1130 148 1170 10
175 1113 346 1196 quod
390 1111 570 1177 foras
616 1107 1084 1196 proferundum
1131 1113 1246 1198 sit,
1301 1114 1372 1178 ιιι
1419 1134 1547 1197 qua
1592 1113 1830 1195 lustra,
1885 1113 2208 1196 libidines,

170 1200 474 1283 luxuries,
520 1200 741 1265 omnia
786 1201 1062 1285 denique
1107 1201 1403 1266 inaudita
1434 1201 1611 1266 vitia
1656 1222 1732 1267 ac
1777 1201 2034 1287 flagitia
2072 1222 2210 1266 ver-

172 1293 423 1372 sentur,
493 1288 604 1355 hic
669 1310 889 1375 servos
951 1312 1088 1355 non
1151 1311 1294 1355 esse
1363 1311 1584 1355 servos
1594 1340 1613 1374 ,
1688 1289 1925 1373 quibus
1990 1289 2212 1355 omnia

171 1377 685 1461 committantur,
728 1398 846 1463 per
888 1399 1052 1462 quos
1100 1381 1430 1463 gerantur,
1477 1378 1591 1462 qui
1628 1382 1968 1443 versentur
2002 1378 2210 1443 isdem

8 1530 10 1537 ,
169 1466 241 1530 ιιι
301 1465 779 1550 voluptatibus,
844 1466 1081 1550 quibus
1148 1467 1404 1531 occulta
1469 1467 1836 1550 credantur,
1898 1466 1980 1531 ad
2045 1486 2209 1549 quos

8 1584 12 1599 ›
94 1569 144 1610 15
172 1553 580 1637 aliquantum
636 1554 836 1619 etiam
890 1576 969 1618 ex
1021 1554 1367 1619 cotidianis
1415 1554 1786 1638 sumptibus
1834 1575 1911 1619 ac
1955 1553 2209 1617 luxurie

170 1642 487 1707 redundet
501 1642 534 1706 ’ἓ
625 1641 704 1707 Id
756 1642 963 1727 igitur
1018 1640 1276 1709 Caelius
1332 1664 1466 1707 non
1520 1642 1830 1707 videbat?
1924 1640 1997 1706 Si
2034 1641 2212 1706 enim
2231 1653 2300 1706 58

167 1735 309 1795 tam
361 1730 706 1795 familiaris
762 1734 904 1796 erat
956 1730 1276 1815 mulieris,
1338 1752 1534 1815 quam
1587 1752 1705 1797 vos
1759 1729 1988 1806 vultis,
2042 1730 2209 1795 istos

170 1840 477 1972 (1110ῢῖιὲῖὸ
486 1840 708 1883 servos
764 1818 1124 1973 {affiliares
1179 1840 1322 1972 etsse
1377 1819 1679 1972 douln-nae·
1730 1818 1997 1973 aciem.
2093 1816 2212 1883 Sin

169 1928 230 1972 e1
531 1928 770 1973 consue
891 1929 930 1973 o
1066 1929 1197 1973 uan
1229 1929 1269 1972 a
1323 1929 1364 1972 a
1416 1929 1498 1973 vo
1546 1928 1605 1972 ιε
1660 1929 1730 1972 ιιι
1772 1928 1878 1972 uc1
2076 1928 2213 1972 non

89 2014 142 2053 πο
170 1999 340 2079 erat,
397 2017 562 2080 quae
618 2018 766 2061 cum
811 1929 1284 2080 serv'isqpotuit
1326 1995 1743 2061 familiaritas
1790 2018 1933 2061 esse
1976 1959 2211 2060 t'anta‘?

169 2083 392 2168 Ipsius
457 2088 677 2149 autem
735 2085 967 2150 veneni
1024 2106 1188 2169 quae
1242 2085 1415 2149 ratio
1470 2083 1788 2169 fingitur?
1852 2083 1968 2148 ubi
2023 2104 2210 2169 quae·
2238 2081 2323 2150 24

168 2173 375 2237 situm
421 2176 552 2257 est,
600 2193 793 2256 quem
839 2173 921 2237 ad
967 2174 1234 2238 modum
1281 2176 1604 2257 paratum,
1652 2193 1781 2256 quo
1827 2175 2041 2256 pact0,
2088 2171 2211 2255 cui,

167 2282 302 2344 quo
353 2259 424 2324 in
466 2259 611 2325 loco
657 2261 1019 2326 traditum?
1117 2260 1446 2326 Habuisse
1494 2260 1680 2325 aiunt
1726 2261 1903 2325 domi
1950 2261 2209 2344 vimque

167 2350 312 2412 eius
379 2369 520 2413 esse
586 2353 926 2433 expertum
987 2349 1058 2414 in
1121 2369 1310 2414 servo
1377 2350 1659 2435 quodam
1724 2348 1807 2412 ad
1870 2370 2015 2413 eam
2070 2368 2212 2412 rem

85 2453 138 2494 2⁵
166 2437 388 2521 ipsam
450 2441 710 2521 parat03
775 2437 958 2502 cuius
1021 2437 1339 2522 perceleri
1400 2436 1674 2500 interitu
1738 2457 1881 2500 esse
1946 2436 2028 2500 ab
2083 2435 2211 2500 hoc

167 2525 672 2608 comprobatum
708 2547 1045 2590 venenum.
1113 2525 1244 2590 Pro
1284 2525 1352 2590 di
1387 2524 1822 2590 immortales!
1863 2545 1978 2589 cur
2014 2525 2211 2589 inter-
2236 2537 2306 2586 1³9

166 2613 328 2678 dum
391 2613 462 2677 in
522 2613 866 2678 hominum
929 2614 1286 2678 sceleribus
1351 2613 1655 2677 maximis
1722 2616 1837 2677 aut
1896 2612 2212 2677 conivetis

165 2705 290 2764 aut
359 2702 721 2785 praesentis
795 2701 1042 2766 fraudis
1116 2723 1361 2786 poenas
1434 2701 1506 2764 in
1578 2701 1749 2765 diem
1818 2699 2214 2764 reservatis?

163 2788 329 2853 Vidi
375 2789 566 2889 enim,
615 2790 750 2854 vidi
797 2795 865 2855 et
909 2791 1097 2854 illum
1142 2790 1336 2854 hausi
1382 2789 1674 2854 dolorem
1721 2788 1825 2852 vel
1872 2786 2213 2853 acerbissi-

75 2894 137 2934 30
165 2898 357 2941 mum
410 2876 481 2941 in
533 2877 698 2961 vita,
754 2899 903 2943 cum
952 2877 1027 2954 Q.
1072 2877 1381 2942 Metellus
1438 2877 1928 2942 abstraheretur
1982 2896 2018 2940 0
2063 2874 2213 2938 sinu

163 2964 555 3066 gremioque
595 2966 900 3067 patriae,
967 2987 1242 3050 cumque
1308 2965 1419 3030 ille
1484 2964 1611 3048 vir,
1677 2965 1790 3048 qui
1854 2985 1924 3027 se
1980 2966 2212 3028 natum

160 3053 327 3118 huic
381 3053 656 3155 imperio
710 3054 997 3138 putavit,
1052 3054 1252 3119 tertio
1305 3053 1409 3118 die
1454 3057 1609 3137 post
1655 3073 1852 3135 quam
1898 3051 1970 3115 ιιι
2015 3049 2213 3132 curia,

161 3163 372 3226 quam
420 3142 492 3206 ιιι
535 3143 798 3226 rostriS,
854 3164 1049 3228 quam
1094 3142 1166 3207 ιιι
1210 3163 1281 3206 re
1327 3140 1615 3241 publica·
1637 3139 1996 3240 floruisset,
2051 3137 2213 3201 inte-

159 3251 480 3316 gerruma
527 3234 768 3314 aetate,
821 3234 1091 3315 optumo
1137 3229 1399 3312 habitu,
1445 3227 1747 3293 maximis
1793 3226 2044 3291 viribus
2091 3224 2213 3290 eri-

71 3333 129 3374 35
155 3321 438 3402 peretur
489 3318 965 3404 indignissume
1021 3318 1212 3383 bonis
1269 3316 1575 3382 omnibus
1627 3319 1824 3399 atque
1870 3314 2212 3380 universae

158 3405 447 3471 civitati.
541 3405 685 3482 Quo
733 3407 995 3491 quidem
1042 3410 1340 3491 tempore
1385 3405 1498 3469 ille
1545 3404 1849 3480 moriente,
1896 3424 2044 3467 cum
2079 3401 2212 3466 iam

157 3492 408 3559 ceteris
474 3515 553 3558 ex
614 3495 916 3579 partibus
979 3516 1293 3579 oppressa
1348 3514 1530 3557 mens
1588 3495 1789 3576 esset,
1853 3494 2215 3554 extremum
