2550 3875
867 661 965 734 M.
1024 659 1314 732 TULLI
1370 657 1868 732 CICERONIS

521 844 730 928 PRO
799 844 883 928 T.
944 841 1273 926 ANNIO
1340 840 1748 924 MILONE
1812 838 2201 924 ORATIO

1026 990 1172 1075 AD
1238 987 1697 1074 IUDICES.

546 1308 654 1366 EX
701 1301 1321 1367 COMMENTARIIS
1370 1301 1436 1372 Q.
1485 1299 1781 1361 ASCONI
1826 1302 2180 1364 PEDIANI.

490 1439 652 1494 Hanc
677 1438 976 1494 orationem
1005 1435 1150 1490 dixit
1178 1435 1273 1490 Cn.
1295 1435 1566 1505 Pompeio
1585 1433 1665 1488 111
1692 1450 1805 1488 cos.
1832 1450 1883 1488 a.
1911 1434 1965 1490 d.
1994 1435 2074 1490 VI
2097 1435 2182 1490 Id.
2198 1436 2387 1506 April.

351 1512 426 1594 [a.
452 1527 490 1564 u
515 1526 560 1564 c.
593 1509 738 1580 702}
789 1506 951 1573 Quod
978 1504 1252 1561 iudicium
1278 1523 1408 1562 cum
1437 1507 1715 1575 ageretur,
1744 1505 2051 1561 exercitum
2079 1505 2141 1560 in
2175 1507 2303 1562 foro
2326 1511 2388 1562 et

349 1599 412 1635 m
457 1580 716 1634 omnibus
761 1576 1018 1646 templis,
1075 1593 1220 1646 quae
1268 1577 1482 1632 circum
1526 1575 1710 1630 forum
1748 1577 1903 1644 sunt,
1960 1575 2309 1631 collocatum
2350 1595 2388 1633 a

351 1651 451 1706 Cn.
480 1650 750 1720 Pompeio
787 1647 962 1702 fuisse
997 1662 1114 1700 non
1147 1649 1375 1701 tantum
1412 1662 1481 1701 ex
1516 1645 1624 1700 hac
1662 1645 1918 1702 oratione
1956 1648 2017 1701 et
2052 1647 2385 1715 annalibus,

350 1721 452 1776 sed
498 1720 673 1774 etiam
719 1735 789 1774 ex
824 1718 972 1772 libro
1010 1720 1272 1788 apparet,
1324 1717 1424 1786 qui
1462 1715 1747 1771 Ciceronis
1782 1717 2010 1772 nomine
2047 1717 2386 1774 inscribitur

349 1792 422 1846 de
491 1790 707 1860 optimo
780 1805 986 1860 genere
1050 1790 1333 1844 oratorum
1406 1788 1487 1912 ἑο.
1554 1794 1589 1841 4
1652 1794 1683 1853 5
1750 1793 1816 1843 10
1847 1829 1859 1840 .
1969 1788 2387 1857 Argumentum

350 1863 460 1917 hoc
516 1862 627 1916 est:
706 1861 769 1915 T.
825 1861 1040 1914 Annius
1096 1858 1235 1914 Milo
1294 1859 1353 1914 et
1455 1901 1466 1913 .
1523 1857 1780 1912 Plautius
1889 1875 2132 1928 ypsaeus
2191 1862 2254 1914 et
2312 1861 2377 1927 Q.

351 1932 618 1988 Metellus
667 1930 856 2001 Scipio
913 1928 1267 1985 consulatum
1322 1930 1611 2000 petierunt
1661 1946 1777 1983 non
1832 1929 2014 1985 solum
2073 1930 2386 2001 largitione

396 2006 546 2059 alam
598 2003 860 2074 profusa,
917 2002 1016 2056 sed
1068 2000 1244 2055 etiam
1298 2000 1641 2055 factionibus
1698 2002 2044 2055 armatorum
2092 2003 2384 2058 succincti.

411 2075 555 2129 iloni
617 2075 676 2129 et
730 2072 928 2128 Clodio
986 2088 1237 2126 summae
1294 2074 1454 2126 erant
1503 2070 1864 2141 inimicitiae,
1920 2071 2075 2141 quod
2129 2074 2189 2127 et
2243 2073 2386 2128 Milo

356 2144 640 2200 Ciceronis
673 2146 797 2199 erat
825 2142 1196 2198 amicissimus
1226 2142 1288 2197 in
1315 2142 1745 2210 reducendoque
1774 2157 1841 2196 eo
1868 2142 2032 2197 enixe
2060 2159 2293 2211 operam
2313 2146 2385 2199 tr.

349 2216 428 2286 pl.
469 2215 706 2269 dederat
733 2217 792 2269 et
818 2214 878 2271 P.
905 2213 1133 2269 Clodius
1160 2211 1429 2267 restituto
1448 2229 1672 2281 quoque
1703 2212 1959 2267 Ciceroni
1987 2215 2109 2267 erat
2132 2212 2386 2269 infestis-

353 2287 526 2339 simus
580 2284 820 2353 ideoque
876 2300 1092 2339 summe
1143 2284 1411 2338 studebat
1454 2282 1717 2353 Hypsaeo
1779 2284 1839 2337 et
1887 2282 2138 2353 Scipioni
2183 2288 2389 2340 contra

352 2356 638 2411 Milonem.
694 2354 774 2409 Ac
805 2371 973 2424 saepe
1000 2355 1150 2409 inter
1177 2371 1236 2409 se
1263 2353 1405 2409 Milo
1434 2356 1494 2409 et
1510 2352 1737 2408 Clodius
1752 2370 1879 2407 cum
1900 2354 2016 2409 suis
2034 2355 2385 2411 factionibus

352 2427 566 2481 Romae
592 2425 1068 2496 depugnaverant,
1099 2427 1158 2480 et
1185 2428 1347 2480 erant
1372 2426 1607 2493 uterque
1638 2425 1875 2479 audacia
1900 2441 2083 2494 pares,
2111 2425 2214 2480 sed
2241 2426 2385 2481 Milo

352 2514 454 2567 pro
485 2496 810 2552 melioribus
828 2496 1085 2567 partibus
1104 2496 1311 2551 stabat.
1366 2496 1669 2550 Praeterea
1686 2495 1747 2548 in
1764 2494 2004 2550 eundem
2023 2512 2235 2550 annum
2254 2513 2387 2552 con-

358 2569 607 2623 sulatum
660 2566 823 2634 Milo,
893 2566 1121 2622 Clodius
1186 2568 1511 2636 praeturam
1572 2566 1831 2636 petebat,
1897 2582 2069 2633 quam
2134 2567 2387 2622 debilem

357 2637 606 2692 futuram
650 2639 880 2695 consule
917 2637 1130 2692 Milone
1166 2637 1559 2707 intellegebat.
1632 2635 1851 2691 Deinde
1889 2652 2017 2690 cum
2056 2636 2154 2690 diu
2194 2639 2389 2693 tracta

357 2711 548 2764 essent
583 2709 816 2763 comitia
851 2708 1170 2763 consularia
1205 2708 1507 2778 perficique
1544 2707 1617 2761 ob
1656 2723 1753 2762 eas
1780 2708 1937 2789 ipsas
1963 2707 2219 2776 perditas
2250 2726 2386 2763 can-

355 2779 677 2835 didatorum
722 2779 1113 2834 contentiones
1158 2794 1273 2832 non
1318 2780 1553 2848 possent
1590 2779 1648 2833 et
1684 2777 1757 2832 ob
1792 2778 1855 2831 id
1890 2794 2082 2832 mense
2118 2778 2385 2835 Ianuario

351 2850 633 2905 nullidum
667 2865 852 2918 neque
889 2849 1146 2904 consules
1183 2865 1367 2916 neque
1402 2849 1691 2918 praetores
1729 2850 1918 2903 essent
1951 2848 2387 2918 trahereturque

355 2921 478 2976 dies
517 2920 714 2976 eodem
754 2936 864 2989 quo
903 2922 1075 2981 antea
1109 2918 1296 2987 modo,
1332 2936 1460 2974 cum
1487 2919 1626 2973 Milo
1664 2935 1834 2988 quam
1909 2918 2114 2972 rimum
2152 2920 2387 2975 comitia

355 2991 553 3046 confici
600 2990 775 3047 vellet
818 2990 1233 3058 confideretque
1282 3006 1409 3043 cum
1442 2989 1721 3044 bonorum
1758 2990 1850 3043 stu
1896 2988 1991 3058 ‘is,
2040 2991 2195 3057 quod
2232 2991 2385 3053 obsi-

355 3062 546 3117 stebat
575 3059 790 3129 Clodi0,
827 3063 950 3115 tum
986 3060 1160 3115 etiam
1188 3061 1399 3131 populo
1425 3062 1657 3131 propter
1684 3058 1889 3114 effusas
1918 3059 2255 3129 largitiones
2281 3063 2385 3116 im-

358 3148 676 3201 pensasque
722 3131 984 3186 ludorum
1041 3131 1426 3187 scaenicorum
1482 3147 1549 3185 ac
1594 3130 1927 3200 gladiatorii
1969 3132 2218 3185 muneris
2264 3149 2382 3185 ma-

356 3202 555 3270 ximas,
593 3202 655 3256 in
689 3218 830 3269 quas
868 3201 982 3256 tria
1017 3200 1360 3272 patrimonia
1393 3200 1658 3256 effudisse
1697 3217 1825 3255 eum
1854 3199 2048 3256 Cicero
2076 3202 2385 3272 significat,

359 3272 760 3353 competitores
816 3271 936 3326 eius
991 3273 1216 3327 trahere
1269 3271 1486 3326 vellent
1537 3270 1779 3339 ideoque
1824 3270 2150 3342 Pompeius,
2206 3289 2385 3342 gener

358 3342 639 3411 Sciplonis
655 3384 669 3410 ,
719 3344 778 3396 et
813 3340 875 3396 Τ.
913 3341 1199 3396 Munatius
1243 3342 1503 3395 tribunus
1547 3342 1625 3411 pl.
1662 3340 1863 3395 referri
1900 3341 1973 3395 ad
2012 3344 2274 3396 senatum
2312 3344 2383 3397 de

356 3411 615 3480 patriciis
665 3411 1062 3478 convocandis,
1120 3413 1219 3478 qui
1262 3411 1603 3482 interregem
1648 3413 1979 3480 proderent,
2025 3429 2140 3467 non
2190 3418 2385 3469 essent

354 3480 528 3549 passi,
574 3498 703 3535 cum
739 3480 1078 3549 interregem
1112 3481 1352 3561 prodere
1391 3484 1543 3536 stata
1578 3497 1667 3535 res
1706 3485 1881 3537 esset:
1919 3499 1967 3536 a.
2008 3482 2060 3535 d.
2090 3482 2225 3537 XIH
2250 3484 2378 3538 Kal.

358 3550 518 3603 mehr.
558 3552 708 3618 (acta
746 3550 955 3605 etenim
990 3566 1173 3619 magis
1213 3552 1496 3619 sequenda
1532 3553 1591 3606 et
1625 3550 1810 3621 ipsam
1847 3551 2189 3621 orationem,
2232 3570 2383 3620 quae
