2550 3875
385 168 518 237 560
619 168 700 221 IN
738 169 811 222 M.
850 166 1248 221 ANTONIUM
1289 165 1557 221 ORATIO
1595 165 2005 220 PHILIPPICA
2041 166 2191 223 XIV.

387 350 752 393 sermonem
797 351 902 393 me
947 328 1305 411 Parilibus,
1370 328 1481 411 (1111
1528 328 1664 392 dies
1710 329 1904 393 hodie
1952 333 2078 412 est,
2136 352 2293 394 cum
2346 332 2441 393 fa-

387 418 606 481 scibus
645 417 1120 481 descensurum.
1176 416 1257 480 In
1296 416 1578 499 aliquem
1610 417 1800 481 credo
1830 417 1958 482 hoc
1986 417 2441 502 gladiatorem

386 508 501 569 aut
564 505 888 569 latronem
953 509 1067 569 aut
1123 503 1476 569 Catilinam
1540 526 1680 569 esse
1738 505 2100 590 conlatum,
2163 528 2303 571 non
2364 508 2443 570 in

386 614 553 676 eum,
600 592 731 677 qui,
775 614 856 657 ne
906 593 1059 676 quid
1105 593 1237 656 tale
1284 593 1354 656 in
1398 614 1468 656 re
1504 592 1769 675 publica
1804 592 1948 657 fieri
1984 598 2234 679 posset,
2281 595 2443 659 effe

385 680 565 744 ecrit.
655 679 763 744 An
807 684 884 744 ut
929 702 1071 766 eg0,
1118 680 1229 764 qui
1267 678 1624 745 Catilinam
1660 682 1822 745 haec
1864 682 2250 746 molientem
2289 705 2441 747 sus·
2508 673 2529 743 ἐ

386 768 677 853 tulerim,
735 770 1104 854 everterim,
1149 768 1529 870 adflixerim,
1573 768 1713 851 ipse
1761 769 2109 834 existerem
2152 776 2443 855 repente
2527 801 2528 831 ³

385 854 717 921 Catilina?
817 820 1104 932 Quibus
1132 856 1457 957 auspiciis
1505 856 1671 920 istos
1734 856 1933 921 fascis
1995 878 2207 943 augur
2262 860 2441 923 acci·
2527 864 2528 871 ’

385 965 626 1029 perem,
654 948 974 1028 quatenus
1001 945 1329 1027 haberem,
1359 944 1462 1008 cui
1492 944 1860 1009 traderem?
1928 944 2436 1030 Quemquamne

385 1030 586 1097 fuisse
624 1036 762 1097 tam
801 1033 1207 1117 sceleratum,
1252 1032 1365 1116 qui
1400 1033 1527 1096 hoc
1562 1032 1859 1118 fingeret,
1901 1036 2040 1098 tam
2076 1034 2435 1119 furiosum,

325 1164 366 1228 6
388 1120 499 1203 (1111
568 1121 900 1185 crederet?
998 1120 1187 1186 Unde
1247 1120 1453 1205 igitur
1512 1120 1644 1184 ista
1696 1121 1981 1204 suspicio
2036 1122 2140 1186 vel
2197 1124 2433 1206 potius
2460 1143 2528 1182 10·

301 1254 366 1303 15
385 1207 553 1272 unde
617 1209 744 1273 iste
811 1209 1068 1273 sermo?
1170 1207 1363 1293 Cum,
1425 1212 1501 1272 ut
1566 1208 1777 1292 scitiS,
1838 1209 1966 1274 hoc
2031 1210 2253 1275 triduo
2321 1212 2433 1276 vel

389 1296 746 1379 quadriduo
794 1296 1008 1361 tristis
1055 1317 1094 1360 a
1139 1295 1397 1361 Mutina
1441 1295 1617 1360 fama
1662 1301 1987 1382 manaret,
2031 1298 2247 1363 infiati
2296 1300 2431 1363 lae-

386 1384 538 1447 titia
593 1388 789 1467 atque
844 1384 1195 1449 insolentia
1247 1384 1435 1468 impii
1492 1385 1662 1449 cives
1719 1406 1923 1449 unum
1970 1406 2039 1451 se
2084 1387 2157 1450 in
2200 1387 2433 1452 locum
2527 1394 2528 1399 ’

387 1472 468 1535 ad
517 1471 702 1535 illam
757 1473 1003 1536 curiam
1047 1471 1236 1536 furiis
1283 1472 1504 1556 potius
1552 1473 1687 1537 suis
1735 1494 1931 1556 quam
1976 1474 2072 1538 rei
2116 1475 2431 1575 publicae

384 1558 711 1624 infelicem
765 1560 1269 1645 congregabant.
1361 1559 1466 1625 Ibi
1522 1582 1671 1625 cum
1726 1561 1999 1625 consilia
2045 1562 2292 1627 inirent
2340 1564 2429 1628 de
2460 1582 2509 1624 15

387 1647 579 1711 caede
624 1651 853 1712 nostra
897 1649 1426 1750 partirenturque
1473 1648 1645 1712 inter
1692 1670 1787 1733 se,
1839 1650 1950 1733 qui
1998 1648 2430 1736 Capitolium,

387 1734 499 1817 qui
554 1739 798 1819 rostra,
854 1737 965 1819 qui
1012 1736 1193 1800 urbis
1238 1740 1465 1819 portas
1514 1742 1931 1821 occuparent,
1988 1738 2071 1802 ad
2117 1761 2221 1803 me
2268 1761 2429 1804 con-

385 1844 648 1887 cursum
691 1822 987 1888 futurum
1035 1824 1322 1889 civitatis
1368 1825 1709 1907 putabant.
1792 1824 1977 1900 Quod
2023 1830 2099 1890 ut
2136 1848 2286 1891 cum
2325 1828 2428 1892 in-

382 1910 558 1976 vidia
602 1933 748 1988 mea
789 1912 976 1977 fieret
1023 1916 1090 1978 et
1136 1933 1284 1977 eum
1329 1912 1503 1978 vitae
1550 1913 1749 1978 etiam
1792 1913 2112 2014 periculo,
2167 1914 2425 1982 famam

383 1999 582 2064 istam
618 1984 895 2065 fascium
931 2001 1428 2085 dissipaverunt,
1473 2000 1670 2066 fascis
1708 2002 1835 2085 ipsi
1873 2002 1955 2066 ad
1990 2025 2093 2067 me
2132 2003 2421 2068 delaturi
2454 2028 2495 2065 20

383 2081 666 2152 fuerunt.
740 2087 928 2165 Quod
965 2111 1112 2153 cum
1150 2093 1325 2154 esset
1362 2090 1548 2172 quasi
1586 2111 1732 2154 mea
1766 2090 2105 2155 voluntate
2140 2090 2419 2177 factum,

384 2179 528 2238 tum
581 2176 652 2239 in
705 2199 809 2240 me
862 2176 1146 2262 impetus
1203 2177 1672 2242 conductorum
1724 2177 2064 2243 hominum
2110 2180 2297 2262 quasi
2345 2182 2420 2245 in

385 2266 736 2345 tyrannum
797 2265 1184 2349 parabatur,
1256 2287 1335 2330 ex
1400 2287 1528 2348 quo
1595 2267 1819 2330 caedes
1884 2270 2058 2331 esset
2118 2272 2417 2332 vestrm

387 2350 675 2414 omnium
732 2356 1093 2417 consecuta.
1197 2353 1375 2429 Quae
1430 2375 1534 2418 res
1588 2353 1927 2439 patefecit,
1985 2358 2207 2438 patres
2263 2377 2417 2421 con-

387 2437 641 2520 scripti,
706 2440 818 2503 sed
881 2460 998 2505 suo
1066 2445 1358 2524 tempore
1423 2441 1629 2505 totius
1692 2442 1887 2506 huius
1942 2442 2205 2508 sceleris
2262 2443 2415 2510 fons
2443 2468 2487 2506 a

304 2537 366 2585 16
389 2525 731 2627 aperietur.
821 2507 1052 2611 Itaque
1097 2528 1171 2593 P.
1217 2528 1560 2614 ApuleiuS,
1610 2529 1911 2595 tribunus
1956 2531 2071 2615 pl.,
2118 2553 2413 2597 meorum

387 2614 677 2679 omnium
729 2616 1150 2680 consiliorum
1194 2580 1760 2701 periculonimque
1805 2619 1937 2682 iam
1982 2619 2130 2684 inde
2178 2642 2219 2684 a
2262 2642 2414 2686 con-

386 2703 606 2767 sulatu
669 2725 813 2767 meo
879 2705 1097 2787 testis,
1163 2705 1486 2788 conscius,
1547 2705 1832 2790 adiutor,
1895 2706 2186 2772 dolorem
2239 2707 2411 2774 ferre

382 2812 518 2855 non
573 2791 793 2875 potuit
849 2791 1092 2856 doloris
1146 2793 1302 2877 mei3
1358 2793 1727 2858 contionem
1781 2756 2013 2858 habuit
2057 2796 2412 2862 maximam

383 2878 627 2962 populo
674 2876 970 2944 Romano
1019 2903 1220 2944 unum
1266 2884 1461 2965 atque
1506 2881 1678 2946 idem
1726 2881 2063 2947 sentiente.
2154 2882 2235 2947 In
2281 2906 2410 2968 qua
2436 2908 2479 2947 so

385 2967 689 3031 contione
745 2989 891 3032 cum
946 2989 1048 3031 mc
1103 2991 1222 3051 pro
1270 2990 1524 3033 summa
1566 2973 1795 3034 nostra
1841 2971 2294 3036 coniunctione
2340 2977 2410 3037 et

385 3053 834 3120 familiaritate
903 3056 1178 3120 liberare
1243 3057 1609 3140 suspicione
1664 3056 1939 3122 fascium
1993 3058 2221 3143 vellet,
2280 3083 2408 3125 una

385 3163 542 3206 voce
607 3147 843 3207 cuncta
901 3144 1118 3208 contio
1181 3144 1535 3209 declaravit
1591 3145 1756 3209 nihil
1822 3167 1963 3210 esse
2018 3169 2057 3211 a
2116 3168 2221 3212 me
2272 3171 2407 3212 um-
2527 3221 2528 3230 ¹

388 3251 585 3313 quam
656 3231 735 3294 de
798 3252 868 3294 re
932 3232 1195 3314 publica
1250 3232 1381 3297 nisi
1446 3233 1691 3316 optime
1756 3233 2135 3318 cogitatum
2246 3234 2405 3300 Post

385 3316 554 3382 hanc
650 3316 948 3383 habitam
1045 3320 1416 3385 contionem
1504 3321 1754 3385 duabus
1844 3321 2134 3387 tribusve
2226 3323 2401 3388 horis
2426 3347 2468 3387 ³5
2527 3341 2528 3344 ’

388 3405 785 3485 optatissimi
865 3407 1080 3470 nuntii
1163 3411 1228 3472 et
1309 3408 1568 3473 litterae
1649 3413 1988 3494 venerunt,
2081 3414 2157 3474 ut
2235 3411 2401 3476 idem

388 3490 523 3554 dies
612 3513 746 3556 non
834 3494 1026 3559 modo
1107 3494 1518 3578 iniquissima
1598 3520 1701 3562 me
1778 3461 2023 3562 invidia
2092 3498 2397 3580 liberarit,
