2550 3875
818 148 973 205 cAP.
1010 156 1152 205 2-4
1186 154 1219 216 ς
1256 154 1447 205 5—11.
2099 148 2144 214 5

104 312 313 377 illum
366 310 484 375 illo
530 332 785 377 summo
840 311 1079 375 timore
1124 332 1200 376 ac
1252 309 1542 395 periculo
1589 309 1876 375 civitatis
1934 330 2142 393 neque

108 420 535 465 communem
580 402 829 463 metum
876 397 1165 463 omnium
1207 420 1329 463 nec
1371 398 1706 482 propriam
1748 418 1883 462 non
1938 398 2143 462 nullo-

108 509 267 553 rum
323 486 403 551 de
460 487 606 571 ipso
663 485 1098 571 suspicionem
1161 490 1276 550 aut
1329 486 1671 551 infitiando
1735 485 1966 551 tollere
2029 489 2144 549 aut

111 574 590 640 dissimulando
648 575 869 639 sedare
923 573 1224 639 voluisse.
1314 573 1394 638 In
1448 594 1576 657 quo
1638 572 1890 658 collega
1953 573 2142 638 susti·

56 690 85 730 5
112 662 333 729 nendo
380 666 576 747 atque
622 662 1014 727 moderando
1070 662 1128 725 si
1174 683 1388 726 meam
1441 662 1513 726 in
1564 660 1752 726 illum
1810 661 2143 745 indulgen-

112 751 286 815 tiam
341 749 757 815 coniunctam
816 771 965 815 cum
1021 770 1275 814 summa
1329 749 1628 815 custodia
1685 749 1783 814 rei
1844 749 2142 832 publicae

110 838 385 903 laudare
430 858 579 903 vere
638 838 981 921 solebatis,
1032 858 1153 920 par
1206 858 1410 921 prope
1465 838 1608 902 laus
1653 834 1726 901 P.
1774 833 1948 901 Sesti
2001 856 2143 901 esse

112 926 343 1009 debet,
397 926 511 1009 qui
562 926 660 989 ita
714 946 905 990 suum
957 925 1292 990 consulem
1345 924 1742 1009 observavit,
1794 928 1873 989 ut
1925 932 1990 989 et
2044 924 2145 988 illi

113 1017 431 1098 quaestor
474 1013 686 1078 bonus
730 1017 799 1077 et
842 1013 1033 1077 bonis
1081 1013 1381 1078 omnibus
1438 1012 1724 1096 optimus
1771 1012 1932 1077 civis
1975 1012 2146 1076 vide·

30 1128 85 1171 ιο
112 1106 323 1167 retur.

257 1188 468 1273 Idem,
531 1209 680 1254 cum
732 1187 850 1253 illa
912 1188 1271 1253 coniuratio
1337 1208 1415 1252 ex
1477 1187 1749 1252 latebris
1808 1191 2002 1270 atque
2067 1208 2145 1251 ex
2179 1152 2224 1218 4

112 1276 415 1343 tenebris
468 1276 793 1360 erupisset
855 1276 1200 1360 palamque
1264 1278 1520 1339 armata
1571 1274 1905 1358 volitaret,
1968 1274 2146 1339 venit
2182 1244 2215 1293 ⁹

114 1386 274 1430 cum
319 1364 606 1429 exercitu
652 1362 960 1447 Capuam,
1006 1385 1203 1447 quam
1246 1363 1476 1427 urbem
1518 1366 1787 1447 propter
1829 1361 2146 1446 plurimas

112 1452 283 1518 belli
338 1450 817 1535 oportunitates
874 1452 956 1515 ab
1013 1452 1131 1515 illa
1182 1451 1386 1535 impia
1449 1455 1516 1515 et
1578 1451 1895 1516 scelerata
1951 1471 2149 1514 manu

32 1568 85 1609 15
114 1540 437 1622 temptari
483 1539 1000 1624 suspicabamur,
1046 1538 1116 1605 C.
1162 1537 1605 1622 Mevulanum,
1651 1537 1988 1603 tribunum
2031 1537 2148 1601 mi-

112 1629 320 1692 litum
354 1626 624 1710 Antoni,
669 1626 893 1711 Capua
926 1626 1352 1711 praecipitem
1389 1626 1596 1711 eiecit,
1639 1626 1972 1691 hominem
2006 1647 2148 1709 per-

113 1716 337 1780 ditum
383 1718 451 1779 et
491 1736 625 1779 non
671 1714 942 1780 obscure
986 1712 1243 1779 Pisauri
1301 1718 1369 1779 et
1411 1715 1482 1778 in
1526 1714 1671 1779 aliis
1719 1714 1864 1799 agri
1911 1711 2147 1778 Gallici

112 1802 426 1887 partibus
479 1802 550 1866 in
602 1802 720 1866 illa
776 1802 1223 1867 coniuratione
1275 1806 1626 1867 versatum.
1716 1800 2026 1884 Idemque
2075 1799 2147 1867 C.

113 1890 527 1975 Marcellum,
566 1911 714 1956 cum
749 1890 808 1956 is
844 1911 978 1955 non
1015 1888 1308 1975 Capuam
1345 1890 1558 1955 solum
1584 1889 1888 1974 venisset,
1923 1910 2148 1954 verum

28 2007 87 2048 ιο
118 1979 329 2044 etiam
366 2000 435 2043 se
474 1979 659 2062 quasi
706 2000 1037 2043 armorum
1074 1979 1294 2043 studio
1328 1979 1401 2042 in
1435 1979 1785 2043 maximam
1827 1977 2146 2042 familiam

117 2066 529 2150 coniecisset,
574 2067 1134 2137 exterminandum
1178 2088 1256 2132 ex
1295 2066 1414 2130 illa
1457 2066 1618 2131 urbe
1662 2066 1930 2132 curavit.
2005 2065 2148 2141 Qua

116 2157 205 2222 de
262 2174 459 2219 causa
502 2157 572 2218 et
613 2158 757 2218 tum
813 2159 1169 2220 conventus
1221 2154 1335 2218 ille
1382 2152 1668 2238 Capuae,
1724 2153 1837 2237 qui
1880 2156 2150 2237 propter

118 2241 410 2308 salutem
462 2241 640 2306 illius
694 2241 878 2307 urbis
931 2243 1275 2307 consulatu
1327 2245 1777 2307 conservatam
1836 2263 1982 2306 meo
2045 2262 2149 2305 me

114 2351 330 2395 unum
384 2333 732 2413 patronum
786 2329 1149 2414 adoptavit,
1210 2330 1364 2394 huic
1421 2330 1592 2413 apud
1645 2350 1750 2394 me
1801 2327 1875 2394 P.
1935 2327 2149 2394 Sestio

34 2445 90 2488 25
122 2417 447 2483 maximas
486 2417 735 2502 gratias
782 2417 937 2504 egit,
982 2421 1051 2482 et
1088 2418 1214 2484 hoc
1259 2421 1555 2501 tempore
1601 2417 1809 2482 eidem
1853 2417 2151 2482 homines

116 2504 393 2571 nomine
456 2509 858 2570 commutato
923 2506 1139 2571 coloni
1202 2507 1738 2590 decurionesque‚
1799 2504 2152 2569 fortissimi

120 2598 329 2677 atque
376 2593 608 2676 optimi
652 2593 809 2678 viri,
853 2593 1238 2658 beneficium
1282 2593 1354 2657 P.
1405 2591 1578 2658 Sesti
1623 2592 2002 2658 testimonio
2049 2593 2152 2657 de-

121 2682 411 2764 clarant,
465 2681 827 2764 periculum
881 2681 1139 2746 decreto
1198 2703 1316 2746 suo
1371 2682 1814 2765 deprecantur.
1902 2679 2149 2764 Recita,
2172 2702 2238 2752 ιο

122 2789 403 2853 quaeso,
454 2766 527 2832 L.
586 2766 787 2852 Sesti,
848 2769 1002 2852 quid
1056 2769 1379 2835 decrerint
1434 2767 1692 2853 Capuae
1756 2768 2152 2868 decurioneS,

34 2883 94 2924 so
122 2860 207 2920 ut
252 2856 388 2919 iam
430 2857 701 2940 puerilis
758 2860 874 2921 tua
916 2879 1041 2921 vox
1085 2858 1302 2941 possit
1345 2857 1592 2939 aliquid
1647 2856 2015 2942 significare
2058 2855 2151 2918 in-

119 2943 344 3008 imicis
380 2945 637 3028 vestris,
674 2944 1001 3029 quidnam,
1046 2967 1195 3010 cum
1232 2967 1303 3010 se
1341 2945 1810 3027 conroborarit,
1846 2943 2156 3009 effectura

122 3053 273 3097 esse
336 3031 649 3096 videatur.
748 3030 1220 3098 Dncnmonuu
1281 3049 1629 3097 Ducam-A.
1731 3030 1884 3096 Non
1945 3031 2148 3095 recito

122 3121 465 3184 decretum
502 3119 719 3184 officio
758 3121 977 3204 aliquo
1016 3142 1392 3204 expressum
1417 3120 1774 3185 vicinitatis
1811 3123 1926 3184 aut
1962 3118 2156 3183 clien-

122 3206 300 3272 telae
338 3210 455 3270 aut
497 3207 771 3290 hospitii
804 3207 1054 3292 publici
1099 3212 1215 3272 aut
1251 3208 1630 3273 ambitionis
1669 3210 1785 3272 aut
1830 3226 2154 3272 commen-

32 3320 95 3362 οε
125 3294 419 3360 dationis
446 3295 681 3380 gratia,
718 3295 830 3359 sed
866 3295 1069 3361 recito
1098 3297 1481 3361 memoriam
1507 3294 1834 3380 perfuncti
1863 3294 2154 3379 periculi,

123 3382 682 3467 praedicationem
718 3374 1107 3467 amplissimi
1135 3383 1450 3468 beneficii,
1485 3404 1710 3449 vocem
1739 3381 1940 3447 officii
1972 3403 2152 3466 prae·

120 3471 365 3550 sentis,
424 3470 876 3536 testimonium
927 3471 1268 3556 praeteriti
1322 3471 1656 3555 temporis.
1745 3469 1966 3554 Atque
2019 3470 2150 3535 illis
2171 3481 2236 3530 11
