2550 3875
794 187 948 243 CAP.
987 195 1202 244 22—24
1241 197 1272 256 g
1314 197 1543 247 54-59.
2108 191 2244 256 225

180 352 318 415 tiae
395 351 763 435 adsumere,
835 373 1018 416 meae
1090 352 1455 416 modestiae
1529 352 1867 417 remittere
1932 352 2245 417 debeatis.

180 439 360 503 Illud
405 462 610 504 unum
655 461 774 504 vos
812 461 1208 526 magnopere
1247 462 1364 505 oro
1403 444 1601 524 atque
1641 441 1933 526 obsecro,
1978 441 2248 517 iudices,

183 549 336 592 cum
398 527 623 612 huius,
699 549 894 611 quem
957 527 1261 613 defend0,
1325 532 1471 592 tum
1537 529 1903 594 communis
1967 529 2246 613 periculi

183 637 399 700 causa,
433 638 516 680 ne
544 615 719 681 fictis
750 615 1214 700 auditionibuS,
1245 639 1328 680 ne
1358 617 1785 682 disseminato
1814 617 2241 702 dispersoque

125 727 154 766 5
185 703 474 771 sermoni
502 703 800 769 fortunas
827 704 1278 769 innocentium
1303 705 1714 769 subiciendas
1733 706 2001 790 putetis.
2039 705 2240 770 Multi
2262 717 2330 766 57

184 793 381 857 amici
427 792 848 876 accusatoris,
892 814 1029 857 non
1071 793 1238 857 nulli
1282 793 1484 858 etiam
1520 794 1735 858 nostri
1772 793 2001 878 iniqui,
2046 794 2242 858 multi

183 903 563 946 communes
630 881 1110 946 obtrectatores
1167 885 1365 966 atque
1424 881 1717 947 omnium
1771 881 1977 946 invidi
2032 883 2243 947 multa

179 971 532 1034 finxerunt.
623 967 812 1034 Nihil
870 972 974 1033 est
1029 973 1250 1034 autem
1302 973 1443 1034 tam
1489 970 1753 1035 volucre
1802 992 2000 1055 quam
2044 971 2244 1035 male-

184 1057 462 1140 dictum,
512 1057 682 1121 nihil
725 1056 988 1122 facilius
1037 1058 1395 1142 emittitur,
1440 1058 1609 1122 nihil
1657 1057 1853 1124 citius
1901 1058 2243 1142 excipitur,

98 1177 155 1215 10
181 1146 387 1210 latius
425 1145 801 1231 dissipatur.
857 1143 1085 1229 Neque
1125 1167 1267 1232 eg0,
1306 1146 1365 1210 si
1400 1145 1655 1211 fontem
1692 1146 2026 1211 maledicti
2062 1168 2244 1230 repe·

179 1234 390 1317 rietis,
416 1237 495 1297 ut
519 1234 893 1320 neglegatis
918 1237 1036 1298 aut
1054 1234 1506 1318 dissimuletis,
1532 1256 1849 1318 umquam
1866 1235 2240 1318 postulabo,

183 1322 313 1388 Sed
386 1322 444 1386 si
519 1322 674 1406 quid
749 1322 888 1387 sine
961 1323 1176 1406 capite
1250 1322 1550 1387 manabit
1623 1326 1821 1407 atque
1894 1323 2023 1387 erit
2100 1323 2242 1387 eius

181 1410 381 1495 modi,
417 1413 496 1474 ut
521 1431 656 1474 non
685 1413 866 1474 extet
894 1414 1141 1494 auctor,
1175 1413 1252 1495 si,
1282 1411 1395 1495 qui
1424 1411 1723 1494 audierit,
1753 1414 1869 1475 aut
1896 1410 1995 1475 ita
2020 1412 2243 1497 negle‘

181 1520 346 1585 gens
400 1498 590 1563 vobis
647 1520 789 1563 esse
835 1498 1196 1582 videbitur,
1250 1503 1353 1584 ut,
1407 1499 1577 1564 unde
1625 1498 1932 1583 audierit,
1990 1499 2240 1564 oblitus

101 1615 152 1657 ιε
181 1588 300 1671 sit,
374 1590 492 1651 aut
563 1587 663 1651 ita
731 1587 943 1652 levem
1005 1587 1281 1652 habebit
1346 1591 1709 1672 auctorem,
1779 1590 1858 1651 ut
1922 1588 2243 1652 memoria

178 1676 456 1761 dignum
499 1697 636 1743 non
677 1675 959 1760 putarit,
1003 1675 1201 1740 huius
1246 1675 1367 1740 illa
1409 1698 1537 1741 vox
1582 1675 1876 1761 vulgaris
1926 1675 2237 1742 ‘audivi'

175 1785 260 1829 ne
310 1763 469 1848 quid
514 1763 850 1829 innocenti
896 1785 1008 1830 reo
1053 1767 1317 1848 noceat,
1366 1785 1648 1829 oramus.
2259 1802 2302 1864 2
2302 1801 2346 1864 4

317 1849 446 1916 Sed
501 1851 691 1917 venio
742 1852 877 1916 iam
923 1852 1005 1916 ad
1049 1851 1122 1917 L.
1171 1851 1500 1938 Cassium,
1554 1851 1951 1917 familiarem
1998 1875 2236 1939 meum,
2259 1891 2329 1941 58

180 1942 368 2007 cuius
427 1963 505 2005 ex
561 1942 856 2007 oratione
911 1963 994 2006 ne
1044 1942 1234 2006 illum
1283 1941 1549 2025 quidem
1594 1941 1970 2006 Iuventium
2016 1945 2239 2006 tecum

97 2059 152 2099 20
179 2029 622 2115 expostulavi,
679 2051 872 2114 quem
917 2030 1030 2094 ille
1079 2030 1256 2095 omni
1304 2034 1372 2095 et
1414 2030 1829 2094 humanitate
1877 2033 1945 2095 et
1990 2030 2237 2094 virtute

179 2122 456 2183 ornatus
503 2118 882 2184 adulescens
927 2118 1214 2203 primum
1260 2119 1339 2183 de
1385 2119 1577 2203 plebe
1625 2118 1901 2183 aedilem
1946 2119 2239 2183 curulem

177 2207 436 2272 factum
481 2228 623 2272 esse
670 2206 852 2271 dixit.
944 2204 1025 2270 In
1072 2228 1229 2291 quo,
1285 2206 1473 2273 Cassi
1482 2258 1502 2292 ‚
1554 2206 1613 2271 si
1658 2206 1786 2271 tibi
1830 2207 1929 2272 ita
1973 2228 2239 2292 respon-

178 2297 399 2379 deam,
460 2295 747 2360 nescisse
801 2294 869 2358 id
923 2296 1241 2380 populum
1295 2294 1695 2380 Romanum,
1747 2317 1959 2379 neque
2013 2294 2239 2377 fuisse,

179 2384 297 2468 qui
342 2384 412 2448 id
454 2383 650 2449 nobis
693 2386 1010 2467 narraret,
1053 2384 1445 2467 praesertim
1490 2387 1751 2449 mortuo
1792 2382 2040 2470 Gong0,
2083 2406 2237 2468 non,

96 2501 151 2540 25
176 2476 258 2537 ut
313 2470 573 2556 opinor,
628 2471 975 2555 admirere,
1031 2493 1180 2536 cum
1233 2492 1359 2557 ego
1414 2472 1557 2556 ipse
1608 2494 1743 2538 non
1788 2472 2149 2538 abhorrens
2197 2495 2239 2537 a

177 2560 404 2625 studio
459 2559 880 2644 antiquitatis
935 2580 1039 2624 me
1093 2560 1204 2625 hic
1257 2560 1327 2624 id
1383 2582 1461 2624 ex
1515 2564 1582 2625 te
1636 2560 1924 2645 primum
1975 2562 2235 2626 audisse

177 2648 513 2714 confitear.
585 2648 695 2731 Et,
741 2648 1052 2732 quoniam
1097 2652 1214 2712 tua
1257 2647 1389 2712 fuit
1431 2649 1814 2735 perelegans
1864 2652 1931 2714 et
1969 2650 2240 2735 persub-

175 2737 322 2802 tilis
361 2736 592 2821 oratio,
629 2736 830 2821 digna
866 2736 1109 2821 equitis
1146 2736 1431 2801 Romani
1457 2737 1563 2802 vel
1592 2737 1810 2802 studio
1838 2738 1943 2802 vel
1969 2738 2237 2822 pudore,

178 2825 620 2911 quoniamque
675 2824 771 2890 sic
827 2825 911 2889 ab
956 2824 1062 2889 his
1111 2846 1180 2889 es
1228 2825 1518 2910 auditus,
1572 2828 1650 2888 ut
1696 2846 1977 2911 magnus
2022 2825 2235 2890 honos

95 2941 151 2981 ao
179 2917 249 2977 et
291 2912 558 2999 ingenio
605 2917 674 2977 et
715 2912 1116 2991 humanitati
1161 2917 1314 2977 tuae
1351 2913 1772 3015 tribueretur,
1828 2912 2237 2997 respondebo

177 3001 263 3067 ad
307 3022 404 3085 ea,
451 3022 615 3085 quae
657 3001 900 3086 dixisti,
947 3023 1111 3086 quae
1156 3002 1467 3086 pleraque
1504 3002 1636 3066 de
1618 3023 1764 3103 ipso
1803 3022 1907 3065 me
1944 2999 2239 3085 fuerunt3

174 3089 249 3155 in
293 3088 587 3174 quibus
568 3090 699 3175 1psi
736 3090 963 3174 aculei,
1009 3090 1066 3154 si
1105 3111 1268 3173 quos
1314 3089 1664 3154 habuisti
1645 3112 1718 3154 1n
1754 3110 1857 3153 me
1895 3087 2239 3173 reprehen-

176 3178 407 3261 dendo,
453 3181 678 3242 tamen
721 3178 886 3242 mihi
929 3199 1066 3243 non
1109 3178 1359 3263 ingrati
1406 3178 1814 3246 acciderunt.
1884 3176 2235 3260 Quaesisti,
2256 3188 2323 3236 59

175 3269 405 3331 utrum
457 3266 622 3331 mihi
669 3270 999 3350 putarem,
1050 3266 1289 3349 equitis
1336 3264 1620 3331 Romani
1664 3264 1832 3347 filio,
1877 3228 2243 3330 faciliorem

95 3379 152 3420 35
180 3354 387 3421 fuisse
445 3355 528 3420 ad
580 3354 1032 3440 adipiscendos
1076 3353 1363 3419 honores
1409 3354 1586 3418 viam
1632 3374 1718 3417 an
1762 3314 2053 3417 ftituram
2098 3374 2241 3417 esse

174 3442 317 3508 filio
358 3465 524 3525 meo,
563 3442 716 3528 quia
753 3445 928 3507 esset
963 3440 1216 3507 familia
1253 3441 1599 3507 consulari.
1653 3441 1802 3527 Ego
1831 3463 1987 3506 vero
2019 3462 2241 3525 quam-

176 3553 378 3616 quam
439 3531 544 3595 illi
609 3530 829 3596 omnia
891 3531 1066 3595 malo
1126 3552 1323 3615 quam
1377 3529 1569 3614 mihi,
1630 3532 1854 3595 tamen
1910 3528 2242 3595 honorum

283 3642 401 3686 οπο.
429 3643 494 3685 11.
521 3645 562 3686 s.
1854 3638 1920 3687 15
