<?xml version="1.0" encoding="UTF-8"?>
<!DOCTYPE html PUBLIC "-//W3C//DTD XHTML 1.0 Transitional//EN"
    "http://www.w3.org/TR/xhtml1/DTD/xhtml1-transitional.dtd">
<html xmlns="http://www.w3.org/1999/xhtml" xml:lang="en" lang="en">
 <head>
  <title>
</title>
<meta http-equiv="Content-Type" content="text/html;charset=utf-8" />
  <meta name='ocr-system' content='tesseract 3.04.00' />
  <meta name='ocr-capabilities' content='ocr_page ocr_carea ocr_par ocr_line ocrx_word'/>
</head>
<body>
  <div class='ocr_page' id='page_1' title='image "./scriptaquaemans00mlgoog_0211.png"; bbox 0 0 2550 3875; ppageno 0'>
   <div class='ocr_carea' id='block_1_1' title="bbox 933 134 2270 204">
    <p class='ocr_par' dir='ltr' id='par_1_1' title="bbox 933 134 2270 204">
     <span class='ocr_line' id='line_1_1' title="bbox 933 134 2270 204; baseline 0.002 -14"><span class='ocrx_word' id='word_1_1' title='bbox 933 134 1086 192; x_wconf 80' lang='lat' dir='ltr'><strong>GAP.</strong></span> <span class='ocrx_word' id='word_1_2' title='bbox 1127 143 1300 192; x_wconf 83' lang='lat'><strong>9—11</strong></span> <span class='ocrx_word' id='word_1_3' title='bbox 1342 143 1373 203; x_wconf 67' lang='lat' dir='ltr'>s</span> <span class='ocrx_word' id='word_1_4' title='bbox 1410 142 1639 197; x_wconf 75' lang='lat' dir='ltr'>23—‚2a</span> <span class='ocrx_word' id='word_1_5' title='bbox 2183 139 2270 204; x_wconf 79' lang='lat'>75</span> 
     </span>
    </p>
   </div>
   <div class='ocr_carea' id='block_1_2' title="bbox 175 294 2357 1000">
    <p class='ocr_par' dir='ltr' id='par_1_2' title="bbox 175 294 2357 1000">
     <span class='ocr_line' id='line_1_2' title="bbox 235 294 2267 386; baseline 0.003 -28"><span class='ocrx_word' id='word_1_6' title='bbox 235 294 466 360; x_wconf 87' lang='lat' dir='ltr'>eodem</span> <span class='ocrx_word' id='word_1_7' title='bbox 503 294 742 360; x_wconf 87' lang='lat' dir='ltr'>indicio</span> <span class='ocrx_word' id='word_1_8' title='bbox 781 301 849 361; x_wconf 87' lang='lat' dir='ltr'>et</span> <span class='ocrx_word' id='word_1_9' title='bbox 887 297 1154 362; x_wconf 85' lang='lat' dir='ltr'>crimine</span> <span class='ocrx_word' id='word_1_10' title='bbox 1194 299 1273 362; x_wconf 90' lang='lat' dir='ltr'>ad</span> <span class='ocrx_word' id='word_1_11' title='bbox 1302 300 1511 383; x_wconf 90' lang='lat' dir='ltr'>patris</span> <span class='ocrx_word' id='word_1_12' title='bbox 1540 300 1882 365; x_wconf 87' lang='lat' dir='ltr'>interitum</span> <span class='ocrx_word' id='word_1_13' title='bbox 1910 300 2267 386; x_wconf 80' lang='lat' dir='ltr'>adgregare</span> 
     </span>
     <span class='ocr_line' id='line_1_3' title="bbox 233 383 2268 471; baseline 0.003 -24"><span class='ocrx_word' id='word_1_14' title='bbox 233 383 524 448; x_wconf 82' lang='lat' dir='ltr'>voluisti.</span> <span class='ocrx_word' id='word_1_15' title='bbox 615 383 689 449; x_wconf 91' lang='lat' dir='ltr'>L.</span> <span class='ocrx_word' id='word_1_16' title='bbox 735 383 1041 470; x_wconf 90' lang='lat' dir='ltr'>Paulum,</span> <span class='ocrx_word' id='word_1_17' title='bbox 1097 387 1207 470; x_wconf 91' lang='lat' dir='ltr'>qui</span> <span class='ocrx_word' id='word_1_18' title='bbox 1263 391 1407 452; x_wconf 92' lang='lat' dir='ltr'>tum</span> <span class='ocrx_word' id='word_1_19' title='bbox 1463 393 1773 471; x_wconf 74' lang='lat' dir='ltr'><strong>quaestor</strong></span> <span class='ocrx_word' id='word_1_20' title='bbox 1817 387 2268 453; x_wconf 87' lang='lat' dir='ltr'>Macedoniam</span> 
     </span>
     <span class='ocr_line' id='line_1_4' title="bbox 237 471 2269 561; baseline 0.003 -26"><span class='ocrx_word' id='word_1_21' title='bbox 237 471 600 556; x_wconf 89' lang='lat' dir='ltr'>optinebat,</span> <span class='ocrx_word' id='word_1_22' title='bbox 647 494 840 556; x_wconf 91' lang='lat' dir='ltr'>quem</span> <span class='ocrx_word' id='word_1_23' title='bbox 877 474 1102 558; x_wconf 89' lang='lat' dir='ltr'>civem,</span> <span class='ocrx_word' id='word_1_24' title='bbox 1149 497 1343 558; x_wconf 90' lang='lat' dir='ltr'>quem</span> <span class='ocrx_word' id='word_1_25' title='bbox 1378 476 1615 540; x_wconf 82' lang='lat' dir='ltr'>virum!</span> <span class='ocrx_word' id='word_1_26' title='bbox 1666 476 1780 561; x_wconf 90' lang='lat' dir='ltr'>qui</span> <span class='ocrx_word' id='word_1_27' title='bbox 1818 477 1944 541; x_wconf 92' lang='lat' dir='ltr'>duo</span> <span class='ocrx_word' id='word_1_28' title='bbox 1980 477 2269 542; x_wconf 88' lang='lat' dir='ltr'>nefarios</span> 
     </span>
     <span class='ocr_line' id='line_1_5' title="bbox 237 559 2269 650; baseline 0.003 -27"><span class='ocrx_word' id='word_1_29' title='bbox 237 559 490 643; x_wconf 75' lang='lat' dir='ltr'>patriae</span> <span class='ocrx_word' id='word_1_30' title='bbox 546 561 914 644; x_wconf 90' lang='lat' dir='ltr'>proditores</span> <span class='ocrx_word' id='word_1_31' title='bbox 963 563 1357 628; x_wconf 91' lang='lat' dir='ltr'>domesticos</span> <span class='ocrx_word' id='word_1_32' title='bbox 1402 564 1615 629; x_wconf 88' lang='lat' dir='ltr'>hostis</span> <span class='ocrx_word' id='word_1_33' title='bbox 1661 565 1920 650; x_wconf 88' lang='lat' dir='ltr'>legibus</span> <span class='ocrx_word' id='word_1_34' title='bbox 1970 565 2269 629; x_wconf 86' lang='lat' dir='ltr'>extermi-</span> 
     </span>
     <span class='ocr_line' id='line_1_6' title="bbox 175 648 2268 737; baseline 0.003 -26"><span class='ocrx_word' id='word_1_35' title='bbox 175 663 208 704; x_wconf 79' lang='lat'><strong>5</strong></span> <span class='ocrx_word' id='word_1_36' title='bbox 237 652 449 732; x_wconf 91' lang='lat' dir='ltr'>narat,</span> <span class='ocrx_word' id='word_1_37' title='bbox 484 648 818 714; x_wconf 88' lang='lat' dir='ltr'>hominem</span> <span class='ocrx_word' id='word_1_38' title='bbox 847 651 929 714; x_wconf 87' lang='lat' dir='ltr'>ad</span> <span class='ocrx_word' id='word_1_39' title='bbox 959 653 1467 716; x_wconf 87' lang='lat' dir='ltr'>conservandam</span> <span class='ocrx_word' id='word_1_40' title='bbox 1494 674 1633 717; x_wconf 91' lang='lat' dir='ltr'>rem</span> <span class='ocrx_word' id='word_1_41' title='bbox 1659 653 1993 737; x_wconf 76' lang='lat' dir='ltr'>publicam</span> <span class='ocrx_word' id='word_1_42' title='bbox 2018 656 2268 736; x_wconf 90' lang='lat' dir='ltr'>natum,</span> 
     </span>
     <span class='ocr_line' id='line_1_7' title="bbox 237 736 2267 823; baseline 0.002 -23"><span class='ocrx_word' id='word_1_43' title='bbox 237 736 308 801; x_wconf 94' lang='lat' dir='ltr'>in</span> <span class='ocrx_word' id='word_1_44' title='bbox 351 737 525 800; x_wconf 90' lang='lat' dir='ltr'>idem</span> <span class='ocrx_word' id='word_1_45' title='bbox 570 737 760 801; x_wconf 91' lang='lat' dir='ltr'>Vetti</span> <span class='ocrx_word' id='word_1_46' title='bbox 807 738 1121 804; x_wconf 90' lang='lat' dir='ltr'>indicium</span> <span class='ocrx_word' id='word_1_47' title='bbox 1167 743 1364 823; x_wconf 90' lang='lat' dir='ltr'>atque</span> <span class='ocrx_word' id='word_1_48' title='bbox 1410 740 1482 804; x_wconf 94' lang='lat' dir='ltr'>in</span> <span class='ocrx_word' id='word_1_49' title='bbox 1526 743 1802 805; x_wconf 91' lang='lat' dir='ltr'>eundem</span> <span class='ocrx_word' id='word_1_50' title='bbox 1837 741 2011 807; x_wconf 87' lang='lat' dir='ltr'>hunc</span> <span class='ocrx_word' id='word_1_51' title='bbox 2046 763 2267 806; x_wconf 89' lang='lat' dir='ltr'>nume·</span> 
     </span>
     <span class='ocr_line' id='line_1_8' title="bbox 235 826 2357 913; baseline 0.001 -23"><span class='ocrx_word' id='word_1_52' title='bbox 235 847 384 890; x_wconf 89' lang='lat' dir='ltr'>rum</span> <span class='ocrx_word' id='word_1_53' title='bbox 423 827 859 911; x_wconf 77' lang='lat' dir='ltr'>congregasti.</span> <span class='ocrx_word' id='word_1_54' title='bbox 937 826 1105 904; x_wconf 82' lang='lat' dir='ltr'>Quid</span> <span class='ocrx_word' id='word_1_55' title='bbox 1144 849 1301 913; x_wconf 92' lang='lat' dir='ltr'>ergo</span> <span class='ocrx_word' id='word_1_56' title='bbox 1341 830 1417 892; x_wconf 90' lang='lat' dir='ltr'>de</span> <span class='ocrx_word' id='word_1_57' title='bbox 1456 850 1557 893; x_wconf 91' lang='lat' dir='ltr'>me</span> <span class='ocrx_word' id='word_1_58' title='bbox 1598 830 1875 912; x_wconf 76' lang='lat' dir='ltr'>querar?</span> <span class='ocrx_word' id='word_1_59' title='bbox 1916 830 2028 912; x_wconf 92' lang='lat' dir='ltr'>qui</span> <span class='ocrx_word' id='word_1_60' title='bbox 2066 831 2266 893; x_wconf 90' lang='lat' dir='ltr'>etiam</span> <span class='ocrx_word' id='word_1_61' title='bbox 2286 833 2357 882; x_wconf 79' lang='lat'>26</span> 
     </span>
     <span class='ocr_line' id='line_1_9' title="bbox 237 913 2267 1000; baseline 0.003 -24"><span class='ocrx_word' id='word_1_62' title='bbox 237 913 490 998; x_wconf 88' lang='lat' dir='ltr'>gratias</span> <span class='ocrx_word' id='word_1_63' title='bbox 547 913 673 978; x_wconf 92' lang='lat' dir='ltr'>tibi</span> <span class='ocrx_word' id='word_1_64' title='bbox 731 935 924 1000; x_wconf 87' lang='lat' dir='ltr'>agere</span> <span class='ocrx_word' id='word_1_65' title='bbox 971 915 1202 1000; x_wconf 84' lang='lat' dir='ltr'>debeo,</span> <span class='ocrx_word' id='word_1_66' title='bbox 1259 917 1434 1000; x_wconf 92' lang='lat' dir='ltr'>quod</span> <span class='ocrx_word' id='word_1_67' title='bbox 1479 939 1582 980; x_wconf 91' lang='lat' dir='ltr'>me</span> <span class='ocrx_word' id='word_1_68' title='bbox 1630 939 1708 981; x_wconf 86' lang='lat' dir='ltr'>ex</span> <span class='ocrx_word' id='word_1_69' title='bbox 1753 917 2267 982; x_wconf 88' lang='lat' dir='ltr'>fortissimorum</span> 
     </span>
    </p>
   </div>
   <div class='ocr_carea' id='block_1_3' title="bbox 238 1000 2367 1090">
    <p class='ocr_par' dir='ltr' id='par_1_3' title="bbox 238 1000 2367 1090">
     <span class='ocr_line' id='line_1_10' title="bbox 238 1000 2367 1090; baseline -0 -25"><span class='ocrx_word' id='word_1_70' title='bbox 238 1002 480 1066; x_wconf 85' lang='lat' dir='ltr'>civium</span> <span class='ocrx_word' id='word_1_71' title='bbox 540 1023 812 1068; x_wconf 89' lang='lat' dir='ltr'>numero</span> <span class='ocrx_word' id='word_1_72' title='bbox 875 1003 1343 1089; x_wconf 88' lang='lat' dir='ltr'>seiungendum</span> <span class='ocrx_word' id='word_1_73' title='bbox 1403 1027 1537 1069; x_wconf 96' lang='lat' dir='ltr'>non</span> <span class='ocrx_word' id='word_1_74' title='bbox 1598 1005 1868 1088; x_wconf 88' lang='lat' dir='ltr'>putasti.</span> <span class='ocrx_word' id='word_1_75' title='bbox 1971 1003 2097 1070; x_wconf 85' lang='lat' dir='ltr'>Sed</span> <span class='ocrx_word' id='word_1_76' title='bbox 2153 1000 2367 1090; x_wconf 93' lang='lat' dir='ltr'>quill</span> 
     </span>
    </p>
   </div>
   <div class='ocr_carea' id='block_1_4' title="bbox 153 1089 2356 3560">
    <p class='ocr_par' dir='ltr' id='par_1_4' title="bbox 153 1089 2268 2503">
     <span class='ocr_line' id='line_1_11' title="bbox 153 1089 2266 1177; baseline 0.001 -23"><span class='ocrx_word' id='word_1_77' title='bbox 153 1107 208 1145; x_wconf 75' lang='grc' dir='ltr'>ιο</span> <span class='ocrx_word' id='word_1_78' title='bbox 238 1089 368 1154; x_wconf 77' lang='lat' dir='ltr'>fuit</span> <span class='ocrx_word' id='word_1_79' title='bbox 421 1093 576 1154; x_wconf 92' lang='lat' dir='ltr'>tuus</span> <span class='ocrx_word' id='word_1_80' title='bbox 633 1090 743 1156; x_wconf 87' lang='lat' dir='ltr'>ille</span> <span class='ocrx_word' id='word_1_81' title='bbox 799 1095 1024 1156; x_wconf 90' lang='lat' dir='ltr'>tantus</span> <span class='ocrx_word' id='word_1_82' title='bbox 1071 1092 1281 1177; x_wconf 89' lang='lat' dir='ltr'>furor,</span> <span class='ocrx_word' id='word_1_83' title='bbox 1336 1097 1439 1176; x_wconf 92' lang='lat' dir='ltr'>ut,</span> <span class='ocrx_word' id='word_1_84' title='bbox 1496 1115 1644 1158; x_wconf 90' lang='lat' dir='ltr'>cum</span> <span class='ocrx_word' id='word_1_85' title='bbox 1690 1093 1823 1158; x_wconf 90' lang='lat' dir='ltr'>iam</span> <span class='ocrx_word' id='word_1_86' title='bbox 1869 1093 2135 1157; x_wconf 91' lang='lat' dir='ltr'>Vettius</span> <span class='ocrx_word' id='word_1_87' title='bbox 2184 1094 2266 1157; x_wconf 89' lang='lat' dir='ltr'>ad</span> 
     </span>
     <span class='ocr_line' id='line_1_12' title="bbox 237 1177 2267 1264; baseline 0.001 -22"><span class='ocrx_word' id='word_1_88' title='bbox 237 1177 589 1242; x_wconf 73' lang='lat' dir='ltr'>arbitrium</span> <span class='ocrx_word' id='word_1_89' title='bbox 627 1182 814 1244; x_wconf 92' lang='lat' dir='ltr'>tuum</span> <span class='ocrx_word' id='word_1_90' title='bbox 850 1184 1224 1264; x_wconf 83' lang='lat' dir='ltr'>perorasset</span> <span class='ocrx_word' id='word_1_91' title='bbox 1261 1185 1329 1245; x_wconf 91' lang='lat' dir='ltr'>et</span> <span class='ocrx_word' id='word_1_92' title='bbox 1366 1181 1655 1246; x_wconf 84' lang='lat' dir='ltr'>civitatis</span> <span class='ocrx_word' id='word_1_93' title='bbox 1692 1180 1943 1245; x_wconf 91' lang='lat' dir='ltr'>lumina</span> <span class='ocrx_word' id='word_1_94' title='bbox 1968 1184 2267 1245; x_wconf 89' lang='lat' dir='ltr'>notasset</span> 
     </span>
     <span class='ocr_line' id='line_1_13' title="bbox 237 1267 2268 1353; baseline 0.001 -23"><span class='ocrx_word' id='word_1_95' title='bbox 237 1267 806 1351; x_wconf 82' lang='lat' dir='ltr'>descendissetque</span> <span class='ocrx_word' id='word_1_96' title='bbox 847 1269 924 1332; x_wconf 92' lang='lat' dir='ltr'>de</span> <span class='ocrx_word' id='word_1_97' title='bbox 962 1269 1215 1353; x_wconf 77' lang='lat' dir='ltr'>rostriS,</span> <span class='ocrx_word' id='word_1_98' title='bbox 1253 1291 1402 1333; x_wconf 91' lang='lat' dir='ltr'>eum</span> <span class='ocrx_word' id='word_1_99' title='bbox 1430 1273 1698 1353; x_wconf 89' lang='lat' dir='ltr'>repente</span> <span class='ocrx_word' id='word_1_100' title='bbox 1726 1290 2083 1352; x_wconf 76' lang='lat' dir='ltr'>revocareS,</span> <span class='ocrx_word' id='word_1_101' title='bbox 2120 1290 2268 1333; x_wconf 88' lang='lat' dir='ltr'>con·</span> 
     </span>
     <span class='ocr_line' id='line_1_14' title="bbox 237 1355 2266 1441; baseline 0.001 -23"><span class='ocrx_word' id='word_1_102' title='bbox 237 1355 577 1438; x_wconf 89' lang='lat' dir='ltr'>loquerere</span> <span class='ocrx_word' id='word_1_103' title='bbox 614 1356 859 1440; x_wconf 92' lang='lat' dir='ltr'>populo</span> <span class='ocrx_word' id='word_1_104' title='bbox 889 1356 1186 1422; x_wconf 90' lang='lat' dir='ltr'>Romano</span> <span class='ocrx_word' id='word_1_105' title='bbox 1224 1357 1501 1440; x_wconf 85' lang='lat' dir='ltr'>vidente,</span> <span class='ocrx_word' id='word_1_106' title='bbox 1540 1357 1768 1422; x_wconf 90' lang='lat' dir='ltr'>deinde</span> <span class='ocrx_word' id='word_1_107' title='bbox 1805 1357 2266 1441; x_wconf 85' lang='lat' dir='ltr'>interrogares,</span> 
     </span>
     <span class='ocr_line' id='line_1_15' title="bbox 239 1443 2266 1529; baseline 0 -21"><span class='ocrx_word' id='word_1_108' title='bbox 239 1465 634 1526; x_wconf 87' lang='lat' dir='ltr'>ecquosnam</span> <span class='ocrx_word' id='word_1_109' title='bbox 671 1443 836 1508; x_wconf 91' lang='lat' dir='ltr'>alios</span> <span class='ocrx_word' id='word_1_110' title='bbox 873 1449 1100 1528; x_wconf 90' lang='lat' dir='ltr'>posset</span> <span class='ocrx_word' id='word_1_111' title='bbox 1135 1446 1519 1510; x_wconf 77' lang='lat' dir='ltr'>nominare?</span> <span class='ocrx_word' id='word_1_112' title='bbox 1592 1445 2052 1529; x_wconf 84' lang='lat' dir='ltr'>Inculcarisne,</span> <span class='ocrx_word' id='word_1_113' title='bbox 2090 1448 2166 1508; x_wconf 92' lang='lat' dir='ltr'>ut</span> <span class='ocrx_word' id='word_1_114' title='bbox 2195 1443 2266 1510; x_wconf 82' lang='lat' dir='ltr'>O.</span> 
     </span>
     <span class='ocr_line' id='line_1_16' title="bbox 155 1531 2267 1618; baseline 0 -23"><span class='ocrx_word' id='word_1_115' title='bbox 155 1545 209 1586; x_wconf 85' lang='lat'>1⁵</span> <span class='ocrx_word' id='word_1_116' title='bbox 237 1531 574 1616; x_wconf 90' lang='lat' dir='ltr'>Pisonem,</span> <span class='ocrx_word' id='word_1_117' title='bbox 630 1553 942 1618; x_wconf 85' lang='lat' dir='ltr'>generum</span> <span class='ocrx_word' id='word_1_118' title='bbox 988 1556 1230 1617; x_wconf 88' lang='lat' dir='ltr'>meum,</span> <span class='ocrx_word' id='word_1_119' title='bbox 1285 1534 1681 1618; x_wconf 86' lang='lat' dir='ltr'>nominaret,</span> <span class='ocrx_word' id='word_1_120' title='bbox 1739 1534 1851 1618; x_wconf 92' lang='lat' dir='ltr'>qui</span> <span class='ocrx_word' id='word_1_121' title='bbox 1895 1534 1967 1597; x_wconf 91' lang='lat' dir='ltr'>in</span> <span class='ocrx_word' id='word_1_122' title='bbox 2012 1555 2267 1598; x_wconf 89' lang='lat' dir='ltr'>summa</span> 
     </span>
     <span class='ocr_line' id='line_1_17' title="bbox 237 1620 2267 1706; baseline -0 -21"><span class='ocrx_word' id='word_1_123' title='bbox 237 1620 430 1704; x_wconf 87' lang='lat' dir='ltr'>copia</span> <span class='ocrx_word' id='word_1_124' title='bbox 475 1621 874 1704; x_wconf 88' lang='lat' dir='ltr'>optimorum</span> <span class='ocrx_word' id='word_1_125' title='bbox 920 1621 1433 1686; x_wconf 87' lang='lat' dir='ltr'>adulescentium</span> <span class='ocrx_word' id='word_1_126' title='bbox 1477 1622 1622 1706; x_wconf 90' lang='lat' dir='ltr'>pari</span> <span class='ocrx_word' id='word_1_127' title='bbox 1670 1622 2092 1705; x_wconf 89' lang='lat' dir='ltr'>continentia,</span> <span class='ocrx_word' id='word_1_128' title='bbox 2142 1621 2267 1684; x_wconf 85' lang='lat' dir='ltr'>vir-</span> 
     </span>
     <span class='ocr_line' id='line_1_18' title="bbox 236 1708 2265 1794; baseline 0 -21"><span class='ocrx_word' id='word_1_129' title='bbox 236 1713 401 1792; x_wconf 91' lang='lat' dir='ltr'>tute,</span> <span class='ocrx_word' id='word_1_130' title='bbox 436 1708 684 1792; x_wconf 92' lang='lat' dir='ltr'>pietate</span> <span class='ocrx_word' id='word_1_131' title='bbox 717 1709 986 1794; x_wconf 90' lang='lat' dir='ltr'>reliquit</span> <span class='ocrx_word' id='word_1_132' title='bbox 1011 1711 1356 1794; x_wconf 86' lang='lat' dir='ltr'>neminem,</span> <span class='ocrx_word' id='word_1_133' title='bbox 1394 1711 1681 1794; x_wconf 84' lang='lat' dir='ltr'>itemque</span> <span class='ocrx_word' id='word_1_134' title='bbox 1708 1709 1797 1774; x_wconf 87' lang='lat' dir='ltr'>M.</span> <span class='ocrx_word' id='word_1_135' title='bbox 1826 1709 2265 1792; x_wconf 87' lang='lat' dir='ltr'>Laterensem,</span> 
     </span>
     <span class='ocr_line' id='line_1_19' title="bbox 235 1797 2267 1883; baseline -0.001 -21"><span class='ocrx_word' id='word_1_136' title='bbox 235 1797 574 1862; x_wconf 90' lang='lat' dir='ltr'>hominem</span> <span class='ocrx_word' id='word_1_137' title='bbox 621 1797 756 1862; x_wconf 90' lang='lat' dir='ltr'>dies</span> <span class='ocrx_word' id='word_1_138' title='bbox 805 1802 1002 1883; x_wconf 89' lang='lat' dir='ltr'>atque</span> <span class='ocrx_word' id='word_1_139' title='bbox 1046 1803 1274 1864; x_wconf 89' lang='lat' dir='ltr'>noctes</span> <span class='ocrx_word' id='word_1_140' title='bbox 1323 1799 1400 1863; x_wconf 92' lang='lat' dir='ltr'>de</span> <span class='ocrx_word' id='word_1_141' title='bbox 1447 1799 1635 1863; x_wconf 89' lang='lat' dir='ltr'>laude</span> <span class='ocrx_word' id='word_1_142' title='bbox 1673 1803 1741 1863; x_wconf 90' lang='lat' dir='ltr'>et</span> <span class='ocrx_word' id='word_1_143' title='bbox 1779 1799 1857 1862; x_wconf 92' lang='lat' dir='ltr'>de</span> <span class='ocrx_word' id='word_1_144' title='bbox 1894 1820 1964 1863; x_wconf 90' lang='lat' dir='ltr'>re</span> <span class='ocrx_word' id='word_1_145' title='bbox 2000 1797 2267 1881; x_wconf 87' lang='lat' dir='ltr'>publica</span> 
     </span>
     <span class='ocr_line' id='line_1_20' title="bbox 238 1885 2264 1973; baseline -0 -22"><span class='ocrx_word' id='word_1_146' title='bbox 238 1885 670 1973; x_wconf 82' lang='lat' dir='ltr'>cogitantem3</span> <span class='ocrx_word' id='word_1_147' title='bbox 705 1886 1245 1973; x_wconf 88' lang='lat' dir='ltr'>promulgarisne,</span> <span class='ocrx_word' id='word_1_148' title='bbox 1283 1887 1701 1972; x_wconf 89' lang='lat' dir='ltr'>inpurissime</span> <span class='ocrx_word' id='word_1_149' title='bbox 1730 1891 1797 1952; x_wconf 89' lang='lat' dir='ltr'>et</span> <span class='ocrx_word' id='word_1_150' title='bbox 1822 1885 2264 1971; x_wconf 87' lang='lat' dir='ltr'>perditissime</span> 
     </span>
     <span class='ocr_line' id='line_1_21' title="bbox 155 1974 2266 2061; baseline -0.001 -21"><span class='ocrx_word' id='word_1_151' title='bbox 155 1991 210 2031; x_wconf 83' lang='lat'>20</span> <span class='ocrx_word' id='word_1_152' title='bbox 236 1975 474 2059; x_wconf 91' lang='lat' dir='ltr'>hostis,</span> <span class='ocrx_word' id='word_1_153' title='bbox 513 1976 962 2059; x_wconf 89' lang='lat' dir='ltr'>quaestionem</span> <span class='ocrx_word' id='word_1_154' title='bbox 999 1977 1076 2040; x_wconf 91' lang='lat' dir='ltr'>de</span> <span class='ocrx_word' id='word_1_155' title='bbox 1113 1980 1219 2040; x_wconf 93' lang='lat' dir='ltr'>tot</span> <span class='ocrx_word' id='word_1_156' title='bbox 1255 1977 1678 2061; x_wconf 86' lang='lat' dir='ltr'>amplissimis</span> <span class='ocrx_word' id='word_1_157' title='bbox 1718 1980 1785 2040; x_wconf 92' lang='lat' dir='ltr'>et</span> <span class='ocrx_word' id='word_1_158' title='bbox 1813 1976 2058 2040; x_wconf 90' lang='lat' dir='ltr'>talibus</span> <span class='ocrx_word' id='word_1_159' title='bbox 2088 1974 2266 2057; x_wconf 85' lang='lat' dir='ltr'>viris,</span> 
     </span>
     <span class='ocr_line' id='line_1_22' title="bbox 236 2063 2265 2149; baseline -0 -21"><span class='ocrx_word' id='word_1_160' title='bbox 236 2063 551 2129; x_wconf 84' lang='lat' dir='ltr'>indicium</span> <span class='ocrx_word' id='word_1_161' title='bbox 605 2064 863 2147; x_wconf 89' lang='lat' dir='ltr'>Vettio,</span> <span class='ocrx_word' id='word_1_162' title='bbox 918 2065 1213 2148; x_wconf 91' lang='lat' dir='ltr'>praemia</span> <span class='ocrx_word' id='word_1_163' title='bbox 1267 2065 1721 2149; x_wconf 82' lang='lat' dir='ltr'>amplissuma3</span> <span class='ocrx_word' id='word_1_164' title='bbox 1776 2064 2013 2147; x_wconf 89' lang='lat' dir='ltr'>quibus</span> <span class='ocrx_word' id='word_1_165' title='bbox 2070 2063 2265 2127; x_wconf 89' lang='lat' dir='ltr'>rebus</span> 
     </span>
     <span class='ocr_line' id='line_1_23' title="bbox 235 2152 2268 2236; baseline -0.001 -19"><span class='ocrx_word' id='word_1_166' title='bbox 235 2152 532 2217; x_wconf 90' lang='lat' dir='ltr'>omnium</span> <span class='ocrx_word' id='word_1_167' title='bbox 578 2152 956 2217; x_wconf 87' lang='lat' dir='ltr'>mortalium</span> <span class='ocrx_word' id='word_1_168' title='bbox 999 2174 1134 2217; x_wconf 93' lang='lat' dir='ltr'>non</span> <span class='ocrx_word' id='word_1_169' title='bbox 1178 2152 1534 2236; x_wconf 85' lang='lat' dir='ltr'>voluntate,</span> <span class='ocrx_word' id='word_1_170' title='bbox 1582 2153 1695 2217; x_wconf 90' lang='lat' dir='ltr'>sed</span> <span class='ocrx_word' id='word_1_171' title='bbox 1742 2152 2037 2217; x_wconf 86' lang='lat' dir='ltr'>convicio</span> <span class='ocrx_word' id='word_1_172' title='bbox 2082 2173 2268 2234; x_wconf 87' lang='lat' dir='ltr'>repu-</span> 
     </span>
     <span class='ocr_line' id='line_1_24' title="bbox 235 2238 2265 2326; baseline -0.001 -21"><span class='ocrx_word' id='word_1_173' title='bbox 235 2240 436 2305; x_wconf 92' lang='lat' dir='ltr'>diatis</span> <span class='ocrx_word' id='word_1_174' title='bbox 489 2240 847 2326; x_wconf 86' lang='lat' dir='ltr'>fregerisne</span> <span class='ocrx_word' id='word_1_175' title='bbox 901 2240 973 2304; x_wconf 92' lang='lat' dir='ltr'>in</span> <span class='ocrx_word' id='word_1_176' title='bbox 1028 2262 1283 2305; x_wconf 89' lang='lat' dir='ltr'>carcere</span> <span class='ocrx_word' id='word_1_177' title='bbox 1340 2242 1621 2307; x_wconf 88' lang='lat' dir='ltr'>cervices</span> <span class='ocrx_word' id='word_1_178' title='bbox 1677 2240 1807 2324; x_wconf 91' lang='lat' dir='ltr'>ipsi</span> <span class='ocrx_word' id='word_1_179' title='bbox 1860 2240 1960 2303; x_wconf 90' lang='lat' dir='ltr'>illi</span> <span class='ocrx_word' id='word_1_180' title='bbox 2015 2238 2265 2323; x_wconf 89' lang='lat' dir='ltr'>Vettio,</span> 
     </span>
     <span class='ocr_line' id='line_1_25' title="bbox 234 2328 2267 2413; baseline -0 -20"><span class='ocrx_word' id='word_1_181' title='bbox 234 2350 318 2393; x_wconf 91' lang='lat' dir='ltr'>ne</span> <span class='ocrx_word' id='word_1_182' title='bbox 367 2329 540 2413; x_wconf 92' lang='lat' dir='ltr'>quod</span> <span class='ocrx_word' id='word_1_183' title='bbox 586 2329 896 2395; x_wconf 89' lang='lat' dir='ltr'>indicium</span> <span class='ocrx_word' id='word_1_184' title='bbox 947 2328 1238 2412; x_wconf 87' lang='lat' dir='ltr'>corrupti</span> <span class='ocrx_word' id='word_1_185' title='bbox 1274 2329 1499 2395; x_wconf 91' lang='lat' dir='ltr'>indicii</span> <span class='ocrx_word' id='word_1_186' title='bbox 1537 2333 1791 2393; x_wconf 87' lang='lat' dir='ltr'>extaret</span> <span class='ocrx_word' id='word_1_187' title='bbox 1829 2329 2095 2412; x_wconf 87' lang='lat' dir='ltr'>eiusque</span> <span class='ocrx_word' id='word_1_188' title='bbox 2135 2349 2267 2393; x_wconf 90' lang='lat' dir='ltr'>sce-</span> 
     </span>
     <span class='ocr_line' id='line_1_26' title="bbox 154 2416 1701 2503; baseline 0 -22"><span class='ocrx_word' id='word_1_189' title='bbox 154 2434 208 2473; x_wconf 74' lang='grc'>25</span> <span class='ocrx_word' id='word_1_190' title='bbox 235 2417 390 2483; x_wconf 88' lang='lat' dir='ltr'>leris</span> <span class='ocrx_word' id='word_1_191' title='bbox 437 2416 508 2481; x_wconf 87' lang='lat' dir='ltr'>in</span> <span class='ocrx_word' id='word_1_192' title='bbox 551 2420 618 2481; x_wconf 91' lang='lat' dir='ltr'>te</span> <span class='ocrx_word' id='word_1_193' title='bbox 662 2416 880 2501; x_wconf 90' lang='lat' dir='ltr'>ipsum</span> <span class='ocrx_word' id='word_1_194' title='bbox 928 2417 1224 2501; x_wconf 88' lang='lat' dir='ltr'>quaestio</span> <span class='ocrx_word' id='word_1_195' title='bbox 1271 2418 1701 2503; x_wconf 84' lang='lat' dir='ltr'>flagitaretur.</span> 
     </span>
    </p>

    <p class='ocr_par' dir='ltr' id='par_1_5' title="bbox 235 2504 2355 2856">
     <span class='ocr_line' id='line_1_27' title="bbox 369 2504 2355 2592; baseline -0.001 -23"><span class='ocrx_word' id='word_1_196' title='bbox 369 2504 462 2569; x_wconf 81' lang='lat' dir='ltr'>Et</span> <span class='ocrx_word' id='word_1_197' title='bbox 518 2506 830 2589; x_wconf 89' lang='lat' dir='ltr'>quoniam</span> <span class='ocrx_word' id='word_1_198' title='bbox 885 2506 1112 2570; x_wconf 89' lang='lat' dir='ltr'>crebro</span> <span class='ocrx_word' id='word_1_199' title='bbox 1166 2527 1445 2589; x_wconf 86' lang='lat' dir='ltr'>usurpas</span> <span class='ocrx_word' id='word_1_200' title='bbox 1491 2506 1705 2592; x_wconf 87' lang='lat' dir='ltr'>legem</span> <span class='ocrx_word' id='word_1_201' title='bbox 1752 2509 1818 2569; x_wconf 91' lang='lat' dir='ltr'>te</span> <span class='ocrx_word' id='word_1_202' title='bbox 1865 2506 1943 2569; x_wconf 91' lang='lat' dir='ltr'>de</span> <span class='ocrx_word' id='word_1_203' title='bbox 1990 2504 2262 2569; x_wconf 88' lang='lat' dir='ltr'>alternis</span> <span class='ocrx_word' id='word_1_204' title='bbox 2284 2516 2355 2568; x_wconf 75' lang='lat'>2⁷</span> 
     </span>
     <span class='ocr_line' id='line_1_28' title="bbox 235 2593 2265 2679; baseline -0.001 -20"><span class='ocrx_word' id='word_1_205' title='bbox 235 2593 528 2659; x_wconf 90' lang='lat' dir='ltr'>consiliis</span> <span class='ocrx_word' id='word_1_206' title='bbox 575 2593 916 2659; x_wconf 90' lang='lat' dir='ltr'>reiciendis</span> <span class='ocrx_word' id='word_1_207' title='bbox 962 2593 1212 2677; x_wconf 90' lang='lat' dir='ltr'>tulisse,</span> <span class='ocrx_word' id='word_1_208' title='bbox 1256 2598 1334 2658; x_wconf 91' lang='lat' dir='ltr'>ut</span> <span class='ocrx_word' id='word_1_209' title='bbox 1380 2616 1605 2659; x_wconf 85' lang='lat' dir='ltr'>omnes</span> <span class='ocrx_word' id='word_1_210' title='bbox 1651 2594 2043 2679; x_wconf 85' lang='lat' dir='ltr'>intellegant</span> <span class='ocrx_word' id='word_1_211' title='bbox 2078 2597 2145 2657; x_wconf 92' lang='lat' dir='ltr'>te</span> <span class='ocrx_word' id='word_1_212' title='bbox 2182 2614 2265 2658; x_wconf 92' lang='lat' dir='ltr'>ne</span> 
     </span>
     <span class='ocr_line' id='line_1_29' title="bbox 235 2680 2265 2766; baseline -0 -21"><span class='ocrx_word' id='word_1_213' title='bbox 235 2686 413 2747; x_wconf 89' lang='lat' dir='ltr'>recte</span> <span class='ocrx_word' id='word_1_214' title='bbox 452 2681 714 2766; x_wconf 92' lang='lat' dir='ltr'>quidem</span> <span class='ocrx_word' id='word_1_215' title='bbox 749 2680 963 2747; x_wconf 89' lang='lat' dir='ltr'>facere</span> <span class='ocrx_word' id='word_1_216' title='bbox 1001 2682 1139 2747; x_wconf 91' lang='lat' dir='ltr'>sine</span> <span class='ocrx_word' id='word_1_217' title='bbox 1179 2682 1419 2747; x_wconf 90' lang='lat' dir='ltr'>scelere</span> <span class='ocrx_word' id='word_1_218' title='bbox 1456 2682 1769 2766; x_wconf 89' lang='lat' dir='ltr'>potuisse,</span> <span class='ocrx_word' id='word_1_219' title='bbox 1817 2703 2078 2765; x_wconf 87' lang='lat' dir='ltr'>quaero,</span> <span class='ocrx_word' id='word_1_220' title='bbox 2117 2702 2265 2745; x_wconf 87' lang='lat' dir='ltr'>cum</span> 
     </span>
     <span class='ocr_line' id='line_1_30' title="bbox 237 2769 2264 2856; baseline -0.001 -21"><span class='ocrx_word' id='word_1_221' title='bbox 237 2770 344 2835; x_wconf 82' lang='lat' dir='ltr'>lex</span> <span class='ocrx_word' id='word_1_222' title='bbox 381 2774 556 2835; x_wconf 90' lang='lat' dir='ltr'>esset</span> <span class='ocrx_word' id='word_1_223' title='bbox 593 2792 802 2854; x_wconf 87' lang='lat' dir='ltr'>aequa</span> <span class='ocrx_word' id='word_1_224' title='bbox 835 2770 1256 2855; x_wconf 90' lang='lat' dir='ltr'>promulgata</span> <span class='ocrx_word' id='word_1_225' title='bbox 1292 2770 1484 2835; x_wconf 86' lang='lat' dir='ltr'>initio</span> <span class='ocrx_word' id='word_1_226' title='bbox 1524 2770 1973 2856; x_wconf 88' lang='lat' dir='ltr'>magistratus,</span> <span class='ocrx_word' id='word_1_227' title='bbox 2020 2769 2264 2833; x_wconf 90' lang='lat' dir='ltr'>multas</span> 
     </span>
    </p>

    <p class='ocr_par' dir='ltr' id='par_1_6' title="bbox 155 2857 2265 3296">
     <span class='ocr_line' id='line_1_31' title="bbox 155 2857 2264 2942; baseline 0 -24"><span class='ocrx_word' id='word_1_228' title='bbox 155 2878 208 2918; x_wconf 79' lang='lat'>30</span> <span class='ocrx_word' id='word_1_229' title='bbox 238 2859 372 2923; x_wconf 90' lang='lat' dir='ltr'>iam</span> <span class='ocrx_word' id='word_1_230' title='bbox 409 2858 572 2923; x_wconf 90' lang='lat' dir='ltr'>alias</span> <span class='ocrx_word' id='word_1_231' title='bbox 609 2859 894 2941; x_wconf 89' lang='lat' dir='ltr'>tulisses,</span> <span class='ocrx_word' id='word_1_232' title='bbox 941 2858 1404 2942; x_wconf 87' lang='lat' dir='ltr'>expectarisne,</span> <span class='ocrx_word' id='word_1_233' title='bbox 1446 2860 1601 2923; x_wconf 89' lang='lat' dir='ltr'>dum</span> <span class='ocrx_word' id='word_1_234' title='bbox 1639 2858 1709 2925; x_wconf 81' lang='lat' dir='ltr'>O.</span> <span class='ocrx_word' id='word_1_235' title='bbox 1746 2857 2076 2923; x_wconf 89' lang='lat' dir='ltr'>Antonius</span> <span class='ocrx_word' id='word_1_236' title='bbox 2114 2878 2264 2920; x_wconf 90' lang='lat' dir='ltr'>reus</span> 
     </span>
     <span class='ocr_line' id='line_1_32' title="bbox 234 2945 2264 3031; baseline -0.001 -21"><span class='ocrx_word' id='word_1_237' title='bbox 234 2948 424 3011; x_wconf 91' lang='lat' dir='ltr'>fieret</span> <span class='ocrx_word' id='word_1_238' title='bbox 470 2947 641 3031; x_wconf 91' lang='lat' dir='ltr'>apud</span> <span class='ocrx_word' id='word_1_239' title='bbox 687 2946 802 3013; x_wconf 71' lang='lat' dir='ltr'>Cn</span> <span class='ocrx_word' id='word_1_240' title='bbox 850 2945 1203 3012; x_wconf 89' lang='lat' dir='ltr'>Lentulum</span> <span class='ocrx_word' id='word_1_241' title='bbox 1250 2946 1659 3030; x_wconf 82' lang='lat' dir='ltr'>Clodianum,</span> <span class='ocrx_word' id='word_1_242' title='bbox 1706 2950 1791 3030; x_wconf 91' lang='lat' dir='ltr'>et,</span> <span class='ocrx_word' id='word_1_243' title='bbox 1834 2952 2264 3030; x_wconf 88' lang='lat' dir='ltr'>posteaquam</span> 
     </span>
     <span class='ocr_line' id='line_1_33' title="bbox 235 3034 2265 3119; baseline -0.002 -21"><span class='ocrx_word' id='word_1_244' title='bbox 235 3035 349 3099; x_wconf 92' lang='lat' dir='ltr'>ille</span> <span class='ocrx_word' id='word_1_245' title='bbox 395 3039 499 3099; x_wconf 91' lang='lat' dir='ltr'>est</span> <span class='ocrx_word' id='word_1_246' title='bbox 543 3056 692 3099; x_wconf 90' lang='lat' dir='ltr'>reus</span> <span class='ocrx_word' id='word_1_247' title='bbox 739 3034 973 3119; x_wconf 87' lang='lat' dir='ltr'>factus,</span> <span class='ocrx_word' id='word_1_248' title='bbox 1021 3036 1250 3100; x_wconf 90' lang='lat' dir='ltr'>statim</span> <span class='ocrx_word' id='word_1_249' title='bbox 1297 3036 1528 3101; x_wconf 87' lang='lat' dir='ltr'>tuleris</span> <span class='ocrx_word' id='word_1_250' title='bbox 1578 3034 2025 3112; x_wconf 77' lang='lat' dir='ltr'><strong>‘QUICUMQUE</strong></span> <span class='ocrx_word' id='word_1_251' title='bbox 2072 3050 2265 3096; x_wconf 77' lang='lat' dir='ltr'>TUAM</span> 
     </span>
     <span class='ocr_line' id='line_1_34' title="bbox 233 3119 2264 3208; baseline -0.002 -21"><span class='ocrx_word' id='word_1_252' title='bbox 233 3140 410 3189; x_wconf 66' lang='lat' dir='ltr'>Posi·</span> <span class='ocrx_word' id='word_1_253' title='bbox 447 3140 692 3187; x_wconf 78' lang='lat' dir='ltr'><strong>LEGEM</strong></span> <span class='ocrx_word' id='word_1_254' title='bbox 728 3140 906 3189; x_wconf 73' lang='lat' dir='ltr'>nnus</span> <span class='ocrx_word' id='word_1_255' title='bbox 945 3141 1212 3189; x_wconf 69' lang='lat' dir='ltr'>morus</span> <span class='ocrx_word' id='word_1_256' title='bbox 1249 3122 1507 3208; x_wconf 76' lang='lat' dir='ltr'>EssET&#39;,</span> <span class='ocrx_word' id='word_1_257' title='bbox 1551 3128 1629 3189; x_wconf 89' lang='lat' dir='ltr'>ut</span> <span class='ocrx_word' id='word_1_258' title='bbox 1664 3123 1863 3187; x_wconf 91' lang='lat' dir='ltr'>homo</span> <span class='ocrx_word' id='word_1_259' title='bbox 1904 3119 2264 3187; x_wconf 83' lang='lat' dir='ltr'>consularis</span> 
     </span>
     <span class='ocr_line' id='line_1_35' title="bbox 235 3207 2264 3296; baseline -0.002 -21"><span class='ocrx_word' id='word_1_260' title='bbox 235 3211 536 3276; x_wconf 86' lang='lat' dir='ltr'>exclusus</span> <span class='ocrx_word' id='word_1_261' title='bbox 595 3212 794 3276; x_wconf 88' lang='lat' dir='ltr'>miser</span> <span class='ocrx_word' id='word_1_262' title='bbox 847 3216 1092 3296; x_wconf 90' lang='lat' dir='ltr'>puncto</span> <span class='ocrx_word' id='word_1_263' title='bbox 1139 3212 1457 3295; x_wconf 90' lang='lat' dir='ltr'>temporis</span> <span class='ocrx_word' id='word_1_264' title='bbox 1507 3211 1904 3295; x_wconf 89' lang='lat' dir='ltr'>spoliaretur</span> <span class='ocrx_word' id='word_1_265' title='bbox 1948 3207 2264 3273; x_wconf 91' lang='lat' dir='ltr'>beneficio</span> 
     </span>
    </p>

    <p class='ocr_par' dir='ltr' id='par_1_7' title="bbox 157 3295 2356 3560">
     <span class='ocr_line' id='line_1_36' title="bbox 157 3295 2356 3387; baseline -0.003 -24"><span class='ocrx_word' id='word_1_266' title='bbox 157 3321 208 3363; x_wconf 72' lang='lat'>³5</span> <span class='ocrx_word' id='word_1_267' title='bbox 236 3304 304 3363; x_wconf 84' lang='lat' dir='ltr'>et</span> <span class='ocrx_word' id='word_1_268' title='bbox 331 3300 662 3385; x_wconf 88' lang='lat' dir='ltr'>aequitate</span> <span class='ocrx_word' id='word_1_269' title='bbox 691 3300 858 3387; x_wconf 89' lang='lat' dir='ltr'>legis</span> <span class='ocrx_word' id='word_1_270' title='bbox 887 3305 1059 3364; x_wconf 90' lang='lat' dir='ltr'>tuae.</span> <span class='ocrx_word' id='word_1_271' title='bbox 1131 3299 1329 3365; x_wconf 91' lang='lat' dir='ltr'>Dices</span> <span class='ocrx_word' id='word_1_272' title='bbox 1357 3299 1880 3364; x_wconf 87' lang='lat' dir='ltr'>familiaritatem</span> <span class='ocrx_word' id='word_1_273' title='bbox 1908 3296 2033 3360; x_wconf 91' lang='lat' dir='ltr'>tibi</span> <span class='ocrx_word' id='word_1_274' title='bbox 2061 3295 2263 3360; x_wconf 88' lang='lat' dir='ltr'>fuisse</span> <span class='ocrx_word' id='word_1_275' title='bbox 2284 3308 2356 3356; x_wconf 81' lang='lat'>28</span> 
     </span>
     <span class='ocr_line' id='line_1_37' title="bbox 238 3383 2263 3465; baseline -0.003 -13"><span class='ocrx_word' id='word_1_276' title='bbox 238 3409 385 3452; x_wconf 89' lang='lat' dir='ltr'>cum</span> <span class='ocrx_word' id='word_1_277' title='bbox 452 3387 526 3465; x_wconf 81' lang='lat' dir='ltr'>Q.</span> <span class='ocrx_word' id='word_1_278' title='bbox 593 3387 900 3453; x_wconf 79' lang='lat' dir='ltr'>Maximo,</span> <span class='ocrx_word' id='word_1_279' title='bbox 991 3387 1339 3453; x_wconf 90' lang='lat' dir='ltr'>Praeclara</span> <span class='ocrx_word' id='word_1_280' title='bbox 1403 3387 1693 3453; x_wconf 87' lang='lat' dir='ltr'>defensio</span> <span class='ocrx_word' id='word_1_281' title='bbox 1758 3384 2070 3451; x_wconf 87' lang='lat' dir='ltr'>facinoris</span> <span class='ocrx_word' id='word_1_282' title='bbox 2136 3383 2263 3447; x_wconf 80' lang='lat' dir='ltr'>tui!</span> 
     </span>
     <span class='ocr_line' id='line_1_38' title="bbox 237 3470 2268 3560; baseline -0.002 -21"><span class='ocrx_word' id='word_1_283' title='bbox 237 3474 410 3541; x_wconf 83' lang='lat' dir='ltr'>Nam</span> <span class='ocrx_word' id='word_1_284' title='bbox 455 3475 728 3544; x_wconf 87' lang='lat' dir='ltr'>Maximi</span> <span class='ocrx_word' id='word_1_285' title='bbox 775 3476 1036 3560; x_wconf 90' lang='lat' dir='ltr'>quidem</span> <span class='ocrx_word' id='word_1_286' title='bbox 1085 3498 1341 3541; x_wconf 91' lang='lat' dir='ltr'>summa</span> <span class='ocrx_word' id='word_1_287' title='bbox 1384 3475 1529 3540; x_wconf 91' lang='lat' dir='ltr'>laus</span> <span class='ocrx_word' id='word_1_288' title='bbox 1576 3478 1679 3538; x_wconf 89' lang='lat' dir='ltr'>est</span> <span class='ocrx_word' id='word_1_289' title='bbox 1727 3472 2008 3556; x_wconf 91' lang='lat' dir='ltr'>sumptis</span> <span class='ocrx_word' id='word_1_290' title='bbox 2054 3470 2268 3535; x_wconf 91' lang='lat' dir='ltr'>inimi-</span> 
     </span>
    </p>
   </div>
  </div>
 </body>
</html>
