2550 3875
846 624 941 697 M.
999 621 1289 695 'IIJLLI
1344 589 1844 696 CICERONIS

325 822 438 907 IN
513 823 618 909 M.
693 755 1244 909 ANTONIUM
1307 820 1691 906 ORATIO
1756 818 2379 905 PHILIPPICA

1022 977 1673 1064 DUODEOIMA.

1049 1380 1639 1441 ARGUMENTUM.

472 1549 597 1604 Etsi
633 1549 708 1605 M.
747 1547 942 1605 Cicero
978 1548 1120 1602 illud
1157 1548 1497 1619 perfecerat,
1542 1549 1611 1603 ut
1643 1547 1929 1617 permulta
1964 1548 2197 1601 senatus
2234 1564 2371 1603 con·

326 1622 483 1675 sulta
519 1622 719 1675 contra
745 1620 821 1673 M.
849 1619 1160 1674 Antonium
1196 1620 1411 1686 fierent,
1448 1618 1557 1673 hoc
1592 1620 1785 1673 tamen
1819 1616 2069 1673 nondum
2106 1619 2235 1673 erat
2270 1617 2370 1672 ad-

325 1694 574 1757 secutuS‚
612 1689 765 1759 quod
799 1689 1044 1744 maxime
1067 1689 1378 1757 contendit,
1416 1691 1483 1744 ut
1507 1689 1582 1744 M.
1611 1687 1894 1744 Antonius
1923 1687 2105 1744 hostis
2184 1690 2369 1744 atriae

329 1762 693 1817 iudicaretur.
759 1760 906 1827 Quin
934 1760 1109 1815 etiam
1139 1759 1584 1829 Quinquatribus
1624 1776 1674 1814 a.
1712 1758 1767 1815 d.
1804 1759 1935 1815 XIV
1972 1758 2101 1814 Kal.
2190 1758 2372 1829 priles

329 1833 514 1887 Pansa
549 1832 777 1886 consule
815 1832 1090 1886 referente
1143 1833 1370 1885 senatus
1408 1830 1759 1898 decreverat,
1804 1832 1872 1885 ut
1904 1830 2040 1884 novi
2074 1830 2258 1899 legati
2298 1830 2375 1885 ad

330 1903 406 1958 M.
454 1901 767 1958 Antonium
824 1904 1186 1957 mitterentur
1229 1901 1291 1958 P.
1340 1900 1611 1956 Servilius
1658 1902 1719 1956 et
1761 1900 1838 1957 M.
1886 1901 2080 1956 Cicero
2126 1918 2255 1956 cum
2306 1900 2372 1966 Q.

329 1974 486 2029 Fufio
524 1973 758 2042 Calene,
807 1973 868 2029 L.
905 1974 1136 2043 Pisone,
1182 1972 1242 2027 L.
1283 1973 1537 2029 Caesare.
1612 1971 1723 2028 Sed
1758 1971 1821 2026 P.
1859 1970 2157 2027 Servilium
2196 1974 2257 2027 et
2294 1973 2373 2028 M.

330 2045 658 2100 Ciceronem
696 2060 828 2098 mox
865 2043 1093 2098 consilii
1130 2042 1286 2112 capti
1315 2041 1617 2113 paenituit,
1653 2041 1993 2111 omninoque
2031 2059 2118 2098 res
2144 2044 2377 2097 tantam

329 2115 769 2170 admirationem
807 2115 1011 2184 movit,
1057 2115 1125 2168 ut
1160 2112 1219 2168 C.
1257 2115 1445 2168 Pansa
1481 2112 1679 2167 consul
1715 2111 1921 2167 iterum
1958 2113 2021 2167 in
2056 2115 2261 2168 senatu
2301 2113 2377 2168 de

329 2203 402 2240 ea
437 2202 496 2240 re
534 2185 786 2240 referret.
853 2185 993 2239 Cum
1027 2183 1206 2254 igitur
1241 2184 1304 2240 P.
1342 2183 1613 2238 Servilius
1648 2184 1764 2237 iam
1801 2183 2174 2238 omittendam
2211 2185 2377 2253 lega-

329 2255 544 2311 tionem
582 2254 925 2322 censuisset,
977 2254 1130 2310 idem
1166 2255 1241 2309 M.
1282 2254 1476 2310 Cicero
1514 2271 1606 2322 ea,
1646 2269 1793 2323 quae
1828 2252 1981 2308 infra
2014 2255 2229 2324 scripta
2264 2257 2377 2323 est,

330 2326 588 2381 oratione
624 2325 821 2381 suasit.

273 2573 311 2712 ¹1
466 2608 614 2675 Etsi
653 2608 919 2674 minime
958 2609 1182 2674 decere
1219 2608 1494 2691 videtur,
1539 2613 1761 2693 patres
1800 2608 2170 2692 conscripti,
2208 2607 2381 2687 falli,

335 2698 574 2782 decipi,
629 2719 845 2763 errare
902 2720 1050 2762 eum
1060 2747 1077 2780 ,
1134 2697 1238 2762 cui
1293 2719 1410 2762 vos
1465 2697 1767 2762 maximis
1819 2719 2010 2782 saepe
2056 2697 2134 2762 de
2171 2698 2387 2778 rebus,

331 2785 810 2870 assentiamini,
867 2786 1168 2850 consolor
1222 2806 1326 2849 me
1373 2789 1621 2869 tamen,
1677 2785 1983 2869 quoniam
2030 2782 2379 2850 vobiscum

329 2875 579 2960 pariter
616 2878 683 2943 et
717 2895 849 2938 una
886 2895 1034 2938 cum
1071 2871 1558 2956 sapientissimo
1590 2873 1853 2938 consule
1882 2873 2112 2938 erravi.
2175 2871 2377 2955 Nam,

332 2984 482 3027 cum
537 2963 663 3027 duo
721 2963 1094 3026 consulares
1149 2983 1331 3044 spem
1377 2961 1689 3026 honestae
1733 2961 1915 3044 pacis
1961 2960 2153 3026 nobis
2200 2963 2378 3025 attu·
2432 2993 2459 3033 5

329 3050 582 3135 lissent,
630 3050 801 3134 quod
849 3053 1035 3114 erant
1084 3048 1441 3113 familiares
1488 3048 1576 3113 M.
1621 3048 1892 3133 Antoni,
1937 3049 2109 3134 quod
2155 3048 2379 3113 dome-

334 3137 513 3221 stici,
557 3159 752 3203 nosse
799 3137 1064 3220 aliquod
1111 3137 1250 3201 eius
1297 3136 1561 3220 vulnus,
1608 3137 1783 3220 quod
1826 3137 2019 3202 nobis
2064 3136 2377 3222 ignotum

333 3229 537 3309 esset,
599 3225 1002 3289 videbantur.
1102 3225 1319 3308 Apud*
1353 3225 1631 3289 alterum
1686 3247 1875 3308 uxor,
1930 3223 2148 3309 liberi,
2203 3225 2381 3289 alter

335 3313 573 3377 cotidie
609 3312 869 3377 litteras
899 3312 1177 3395 mittere,
1215 3311 1525 3397 accipere,
1564 3317 1785 3397 aperte
1812 3312 2031 3378 favere
2060 3311 2379 3378 Antonin.

280 3416 315 3463 2
333 3397 427 3461 Hi
474 3399 694 3463 subito
740 3399 995 3464 hortari
1042 3400 1123 3464 ad
1167 3421 1416 3482 pacem,
1461 3400 1636 3484 quod
1681 3401 1813 3465 iam
1860 3399 1967 3465 diu
2014 3421 2149 3465 non
2183 3400 2379 3466 fecis·
2412 3428 2467 3467 ιο

339 3488 500 3563 sent,
544 3506 678 3548 non
717 3487 855 3551 sine
895 3508 1090 3552 causa
1125 3486 1531 3551 videbantur.
1622 3488 1923 3555 Accessit
1960 3489 2187 3554 consul
2223 3489 2381 3554 hor-
