2550 3875
844 177 998 234 CAP.
1039 187 1176 236 7——8
1213 187 1244 248 ς
1285 185 1509 238 15—20.
2099 183 2185 248 89

165 342 286 403 est.
379 337 508 415 Qui
570 361 721 406 cum
783 344 850 406 et
913 364 992 406 ex
1053 341 1151 406 rei
1202 341 1512 425 publicae
1577 364 1773 409 causa
1824 343 1957 407 iam
2014 347 2186 409 esset

164 426 333 491 mihi
388 427 648 510 quidem
701 429 1072 513 molestam,
1127 429 1257 494 sibi
1311 433 1533 495 tamen
1584 432 1941 517 gloriosam
1986 432 2184 497 victo-

165 515 334 578 riam
403 520 786 581 consecutus
849 520 916 581 et
977 539 1094 601 per
1148 522 1429 583 aetatem
1482 521 1911 604 magistratus
1963 522 2183 602 petere

164 606 417 687 posset,
470 624 604 668 non
655 605 848 669 modo
902 605 1321 689 permittente
1374 611 1586 690 patre,
1644 608 1755 672 sed
1801 607 1999 671 etiam
2046 629 2185 672 sua-

111 715 139 756 5
166 691 358 756 dente
405 691 488 755 ab
535 713 610 757 eo
656 693 1038 777 semigravit
1083 697 1174 778 et,
1231 715 1379 759 cum
1428 695 1657 760 domus
1700 696 1911 778 patris
1958 717 1997 758 a
2038 695 2183 760 foro

0 787 2 794 '
167 779 364 865 longe
411 778 686 864 abesset,
733 789 861 865 quo
907 780 1164 847 facilius
1211 786 1279 846 et
1320 784 1582 846 nostras
1627 783 1858 848 domus
1900 783 2080 848 obire
2118 786 2186 847 et

167 868 308 951 ipse
345 889 386 930 a
421 867 557 932 suis
593 868 722 933 coli
755 873 998 954 posset,
1035 869 1345 935 conduxit
1379 869 1451 934 in
1485 868 1741 935 Palatio
1777 893 1911 936 non
1944 891 2183 956 magno

168 956 450 1022 domum.
542 955 684 1032 Quo
730 956 876 1022 loco
921 978 1188 1041 possum
1235 958 1447 1022 dicere
1492 958 1577 1042 id,
1623 959 1795 1041 quod
1831 959 1932 1022 vir
1968 959 2185 1024 claris·
2205 953 2245 1018 8

0 1103 2 1116 ,
169 1045 374 1108 simus
382 1094 401 1127 ,
452 1042 542 1107 M.
588 1042 888 1129 Crassus,
945 1067 1092 1110 cum
1145 1047 1224 1110 de
1279 1046 1561 1111 adventu
1605 1046 1782 1132 regis
1825 1045 2185 1111 Ptolemaei

0 1141 2 1152 '
87 1156 140 1196 ιο
170 1135 572 1216 quereretur,
617 1133 812 1216 paulo
861 1137 1010 1198 ante
1055 1134 1246 1201 dixit:

242 1237 572 1327 ,Utinam
615 1257 706 1300 ne
750 1237 830 1302 in
871 1260 1179 1303 nemore
1222 1237 1439 1304 Pelio
1493 1276 1568 1285 —-

166 1362 266 1428 Ac
301 1361 564 1446 longius
603 1360 862 1443 quidem
899 1361 1062 1426 mihi
1099 1364 1439 1427 contexere
1475 1362 1602 1429 hoc
1638 1384 1899 1429 carmen
1934 1363 2185 1430 liceret:

255 1466 448 1534 Nam
491 1470 901 1549 numquam
946 1488 1075 1532 era
1119 1471 1388 1533 errans

165 1590 334 1655 hanc
380 1588 750 1654 molestiam
795 1589 986 1654 nobis
1034 1590 1369 1655 exhiberet

90 1737 140 1777 15
254 1711 520 1778 Medea
565 1713 816 1777 animo
865 1734 1123 1799 aegro,
1171 1716 1423 1779 amore
1470 1735 1696 1779 saevo
1744 1715 2023 1780 saucia.

169 1834 279 1902 Sic
333 1836 531 1919 enim,
596 1836 866 1921 iudices,
920 1837 1286 1920 reperietis,
1343 1837 1541 1920 quod,
1596 1858 1742 1901 cum
1798 1837 1879 1901 ad
1932 1837 2002 1902 id
2053 1837 2184 1902 loci

165 1947 429 2009 venero,
475 1924 839 2009 ostendam,
883 1923 1052 1992 hanc
1096 1924 1467 1990 Palatinam
1510 1925 1806 1991 Medeam
1850 1925 2184 2011 migratio-

162 2035 442 2098 nemque
477 2012 631 2078 huic
667 2014 1064 2079 adulescenti
1093 2035 1355 2078 causam
1381 2014 1516 2079 sive
1544 2014 1866 2079 malorum
1894 2014 2185 2078 omnium

164 2104 302 2169 sive
345 2102 568 2185 potius
613 2121 984 2166 sermonum
1026 2101 1246 2167 fuisse.

88 2214 140 2254 20
303 2188 513 2266 Quam
558 2190 644 2253 ob
689 2211 828 2254 rem
871 2190 1005 2273 illa,
1057 2212 1218 2274 quae
1265 2212 1345 2254 ex
1390 2193 1842 2255 accusatorum
1888 2190 2183 2255 oratione
2206 2204 2271 2253 19

163 2278 566 2365 praemuniri
626 2277 758 2341 iam
821 2281 889 2343 et
940 2279 1102 2363 fingi
1155 2277 1643 2363 intellegebam,
1705 2277 1914 2342 fretus
1968 2281 2185 2342 vestra

163 2366 531 2452 prudentia,
566 2366 826 2451 iudices,
860 2387 995 2430 non
1029 2366 1437 2450 pertimesco
1508 2365 1796 2431 Aiebant
1834 2365 2009 2430 enim
2043 2366 2183 2431 fore

166 2460 407 2521 testem
451 2457 834 2538 senatorem,
881 2454 994 2539 qui
1031 2474 1099 2519 se
1135 2452 1492 2538 pontificiis
1530 2454 1815 2519 comitiis
1850 2454 2185 2537 pulsatum

167 2568 208 2609 a
235 2543 458 2611 Caelio
496 2543 753 2608 diceret.
824 2541 888 2606 A
927 2562 1055 2625 quo
1085 2562 1409 2626 quaeram,
1447 2542 1504 2607 si
1530 2542 1864 2627 prodierit,
1898 2542 2184 2626 primum

89 2654 138 2694 25
167 2654 284 2699 cur
319 2630 546 2697 statim
579 2631 748 2695 nihil
785 2630 1012 2716 egerit,
1057 2630 1304 2714 deinde,
1341 2630 1400 2695 si
1432 2630 1499 2694 id
1537 2630 1721 2714 queri
1758 2651 1954 2714 quam
1992 2651 2184 2715 agere

166 2720 489 2803 maluerit,
535 2741 649 2783 cur
693 2718 1046 2802 productus
1094 2740 1132 2781 a
1175 2718 1364 2783 vobis
1398 2718 1621 2803 potius
1659 2740 1854 2803 quam
1891 2718 2031 2803 ipse
2068 2740 2185 2801 per

165 2832 255 2894 se,
293 2830 409 2874 cur
442 2811 630 2872 tanto
657 2810 811 2891 post
836 2807 1058 2891 potius
1086 2828 1282 2891 quam
1310 2806 1618 2871 continuo
1649 2806 1832 2889 queri
1861 2806 2185 2870 maluerit.

167 2897 241 2963 Si
303 2895 469 2961 mihi
531 2895 613 2960 ad
671 2894 833 2959 haec
888 2898 1077 2959 acute
1132 2897 1491 2980 arguteque
1546 2894 1979 2978 responderit,
2042 2897 2187 2956 tum

167 3006 479 3069 quaeram
533 2983 835 3067 denique,
889 3004 969 3047 ex
1015 3004 1142 3067 quo
1189 2982 1318 3047 iste
1371 2982 1551 3047 fonte
1599 2988 1864 3047 senator
1909 2984 2185 3045 emanet.

91 3092 141 3133 so
166 3072 344 3139 Nam
391 3072 447 3137 si
490 3072 630 3155 ipse
679 3071 926 3136 orietur
970 3074 1040 3134 et
1081 3074 1388 3136 nascetur
1432 3092 1511 3135 ex
1556 3092 1715 3153 sese,
1765 3069 2065 3151 fortasse,
2108 3071 2185 3131 ut

167 3162 349 3227 soleo
359 3212 377 3245 ,
431 3160 917 3243 commoveb013
971 3159 1075 3223 sin
1129 3162 1348 3223 autem
1394 3163 1497 3223 est
1541 3158 1788 3222 rivolus
1834 3155 2184 3220 accersitus

167 3254 236 3315 et
272 3250 504 3314 duetus
544 3248 626 3312 ab
663 3248 809 3332 ipso
849 3246 1062 3330 capite
1091 3246 1525 3312 accusationis
1552 3249 1828 3328 vestrae,
1872 3242 2186 3326 laetabor,

166 3360 317 3403 cum
381 3340 570 3400 tanta
632 3335 848 3422 gratia
901 3335 1234 3420 tantisque
1292 3334 1527 3418 opibus
1582 3331 1911 3399 accusatio
1966 3335 2187 3396 vestra

165 3428 438 3509 nitatur,
483 3446 687 3488 unum
732 3427 1101 3488 senatorem
1146 3422 1361 3487 solum
1407 3442 1569 3506 esse,
1614 3420 1728 3505 qui
1763 3419 1951 3485 vobis
1990 3418 2187 3504 grati-

91 3531 142 3574 ss
167 3513 352 3580 ficari
388 3512 607 3596 vellet,
643 3512 996 3576 inventum.
1068 3509 1208 3575 Nec
1244 3511 1293 3594 †
1330 3516 1551 3573 tamen
1585 3508 1751 3572 illud
1787 3528 1991 3594 genus
2030 3506 2185 3570 alte·
2205 3517 2273 3565 20
