2550 3875
767 194 923 252 CAP.
961 202 1171 252 53-56
1209 202 1241 264 ἓ
1283 202 1578 252 114-119,
2094 200 2178 263 51

157 356 294 442 cipi
347 356 487 421 eius
542 361 610 423 et
657 357 753 422 rei
796 358 1095 442 publicae
1142 357 1466 423 defensori
1511 358 1728 424 sedem
1775 360 1856 423 ad
1900 359 2180 425 salutem

154 444 587 531 praebuisset.

299 532 443 610 Quo
499 533 759 617 quidem
804 537 1095 619 tempore
1142 534 1298 619 quid
1341 535 1623 619 populus
1666 534 2000 600 Romanus
2041 556 2180 601 sen·
2198 509 2284 577 55

154 619 290 687 tire
336 643 406 687 se
453 622 846 705 ostenderet,
894 626 1175 706 utroque
1218 623 1292 687 in
1334 643 1569 708 genere
1615 622 2015 689 declaratum
2059 627 2180 707 est,
2202 601 2300 652 ¹¹⁷

94 735 123 776 5
153 710 445 795 primum
500 732 647 777 eum
702 710 924 776 audito
980 713 1245 775 senatus
1301 712 1598 777 consulto
1651 710 1746 776 rei
1802 711 1928 796 ipsi
1983 715 2180 796 atque

154 797 421 863 absenti
464 798 721 863 senatui
764 798 1032 883 plausus
1077 802 1179 863 est
1220 799 1303 863 ab
1339 799 1658 865 universis
1698 799 1908 883 datus,
1953 799 2180 863 deinde

154 909 311 953 eum
356 886 767 953 senatoribus
802 885 1080 972 singulis
1117 889 1486 970 spectatum
1522 910 1556 952 e
1594 892 1825 953 senatu
1860 886 2180 952 redeunti-

152 977 317 1060 bus;
362 996 509 1039 oum
544 996 699 1039 vero
735 974 894 1060 ipse,
946 975 1057 1059 qui
1092 973 1282 1040 ludos
1317 974 1618 1060 faciebat,
1657 975 1881 1041 eonsul
1919 974 2180 1058 assedit,

152 1066 415 1129 stantes
478 1062 539 1127 ei
600 1063 902 1127 manibus
958 1063 1171 1146 passis
1227 1063 1478 1149 gratias
1531 1067 1800 1149 agentes
1855 1066 1922 1127 et
1976 1063 2180 1130 lacru-

66 1178 125 1233 ιιο
151 1155 415 1217 mantes
452 1148 691 1236 gaudio
728 1172 914 1215 suam
950 1172 1106 1236 erga
1141 1172 1244 1216 me
1282 1152 1788 1217 benivolentiam
1823 1172 1898 1216 ae
1935 1150 2180 1215 miseri-

153 1239 451 1305 cordiam
495 1239 923 1304 declararunt.
1011 1240 1106 1303 At
1152 1260 1299 1304 eum
1336 1240 1447 1303 ille
1481 1238 1871 1305 furibundus
1904 1238 2182 1303 incitata

150 1328 277 1393 illa
326 1348 445 1392 sua
488 1326 786 1393 vaecordi
830 1330 1048 1392 mente
1093 1327 1405 1411 venisset,
1459 1327 1568 1391 vix
1613 1348 1682 1393 se
1728 1327 2009 1411 populus
2052 1325 2180 1391 Ro-

149 1436 391 1483 manus
427 1415 659 1499 tenuit,
698 1414 808 1479 vix
842 1415 1139 1480 homines
1177 1415 1396 1481 odium
1432 1437 1622 1480 suum
1659 1436 1699 1478 a
1735 1436 2003 1499 corpore
2041 1414 2179 1478 eius

149 1505 395 1587 inpuro
450 1507 647 1587 atque
701 1502 966 1568 infando
1020 1508 1494 1587 represserunt3
1548 1524 1739 1569 voees
1797 1502 2057 1586 quidem
2111 1506 2178 1566 et

62 1616 119 1657 15
148 1592 526 1678 palmarum
570 1591 863 1655 intentus
908 1595 976 1655 et
1019 1591 1513 1657 maledictorum
1560 1592 1908 1656 clamorem
1956 1612 2178 1655 omnes

146 1679 604 1765 profuderunt.
704 1676 831 1743 Sed
891 1680 1045 1763 quid
1098 1699 1221 1764 ego
1274 1680 1503 1764 populi
1555 1678 1836 1744 Romani
1892 1679 2178 1743 animum
2201 1697 2300 1745 118

147 1769 597 1850 virtutemque
653 1787 1086 1833 commemoro
1141 1767 1520 1848 libertatem
1571 1767 1704 1832 iam
1749 1788 1829 1833 ex
1873 1767 2181 1831 diuturna

148 1856 475 1921 servitute
530 1854 933 1940 dispicientis
986 1855 1058 1919 in
1110 1877 1187 1920 eo
1242 1855 1533 1941 homine,
1589 1856 1693 1920 eui
1738 1859 1881 1919 tum
1926 1854 2179 1940 petenti

148 1947 292 2010 iam
347 1943 747 2009 aedilitatem
798 1965 880 2008 ne
933 1943 1288 2009 histriones
1343 1944 1606 2027 quidem
1658 1965 1877 2009 eoram
1928 1943 2178 2057 sedenti

59 2059 117 2098 2⁰
144 2030 1460 2205 {gpgpigbfftgategffiotffilgrgigdizblar
1485 2031 2177 2185 gpffoztsstioffifffflafflg

144 2209 377 2294 inpuri
420 2207 705 2273 hominis
749 2207 1071 2277 inminens
1120 2207 1498 2273 contionata
1544 2213 1673 2272 est:

379 2331 427 2415 †
460 2331 639 2397 huie
676 2331 826 2395 tite
863 2335 997 2395 tua
1031 2330 1614 2416 postprincipia
1650 2334 1881 2415 atque
1922 2331 2178 2395 exitus

244 2419 606 2484 Vitiosae
653 2419 877 2484 vitae.

58 2585 115 2627 25
148 2560 444 2628 Sedebat
497 2559 929 2643 exanimatus,
983 2563 1051 2625 et
1102 2560 1187 2643 is,
1244 2560 1356 2644 qui
1408 2563 1602 2624 antea
1647 2564 1987 2626 cantorum
2033 2581 2177 2625 eon-

142 2649 327 2716 vieio
374 2648 711 2713 eontio‘nes
757 2648 1083 2713 celebrare
1124 2669 1275 2712 suas
1313 2648 1586 2732 solebat,
1632 2652 1973 2717 cantorum
2008 2649 2178 2732 ipso-

140 2759 303 2804 rum
340 2736 609 2801 vocibus
647 2735 1017 2801 eiciebatur.
1094 2736 1199 2800 ‘Et
1237 2737 1543 2820 quoniam
1579 2735 1756 2803 faeta
1791 2736 2037 2801 mentio
2077 2740 2178 2800 est

142 2826 483 2908 ludorum,
543 2846 627 2888 ne
682 2824 845 2890 illud
900 2825 1159 2907 quidem
1212 2825 1761 2909 praetermittam,
1814 2826 1885 2889 in
1937 2843 2179 2909 magna

143 2914 476 2982 varietate
530 2912 1003 2977 sententiarum
1045 2933 1402 2996 numquam
1445 2912 1653 2977 ullum
1695 2912 1898 2977 fuisse
1943 2912 2176 2994 locum,

56 3028 114 3068 ao
141 3005 221 3068 in
299 3022 430 3085 quo
505 2999 750 3085 aliquid
823 3022 863 3064 a
923 3004 1120 3085 poeta
1183 3001 1430 3065 dietum
1494 3002 1720 3066 eadere
1783 3002 1853 3066 in
1917 3004 2175 3083 tempus

139 3094 455 3157 nostrum
509 3088 863 3172 videretur,
918 3089 1089 3174 quod
1146 3092 1261 3153 aut
1305 3090 1620 3174 populum
1663 3089 2037 3154 universum
2079 3088 2176 3152 fu-

140 3182 343 3266 geret
389 3181 505 3241 aut
547 3198 681 3242 non
725 3176 1117 3261 exprimeret
1159 3177 1301 3261 ipse
1339 3182 1538 3244 aetor.
1628 3177 1720 3242 Et
1764 3198 2003 3261 quaeso
2049 3176 2174 3241 hoe
2198 3187 2298 3239 119
2373 3226 2377 3235 .

138 3270 333 3351 1000,
405 3265 676 3350 iudices,
746 3287 829 3330 ne
903 3286 1031 3349 qua
1101 3265 1371 3330 levitate
1443 3287 1547 3330 me
1620 3266 1886 3330 ductum
1958 3263 2040 3329 ad
2082 3265 2177 3329 in-

139 3356 427 3422 solitum
482 3374 685 3440 genus
741 3353 995 3420 dicendi,
1045 3353 1182 3418 labi
1234 3354 1510 3438 putetis,
1565 3354 1622 3418 si
1677 3353 1754 3418 de
1803 3353 2043 3438 poetis,
2097 3353 2175 3418 de

56 3470 109 3510 35
136 3441 617 3526 histrionibus,
662 3441 739 3506 de
784 3440 957 3508 ludis
1000 3442 1071 3506 i'n
1114 3441 1354 3506 iudicio
1399 3443 1649 3525 loquar.
1899 3451 1904 3458 ’

281 3529 443 3596 Non
477 3551 623 3595 sum
658 3534 797 3596 tam
831 3529 1135 3616 ignarus,
1161 3530 1426 3615 iudices,
1451 3539 1827 3614 ‘causarum,
1870 3551 2005 3595 non
2038 3533 2176 3594 tam
2194 3528 2280 3595 56

1783 3633 1860 3686 42
