2550 3875
320 163 450 229 132
546 201 559 212 .
592 163 691 217 DE
729 161 1143 218 PROVINCIIS
1182 161 1726 218 CONSULABIBUS
1764 161 2056 219 ORATIO.

314 327 637 392 dicebant.
728 325 963 410 Itaque
1009 326 1112 389 vir
1157 347 1416 390 summa
1461 324 1875 412 auctoritate,
1919 345 2178 390 summa
2223 325 2356 390 elo-

314 415 587 498 quentia
640 413 805 478 dixit
856 414 1147 500 graviter
1191 435 1418 479 casum
1461 413 1653 479 illum
1697 435 1920 478 meum
1963 411 2160 478 funus
2207 433 2351 478 esse

313 502 411 568 rei
451 502 770 587 publicae,
816 503 930 567 sed
964 502 1161 566 fimus
1198 501 1450 566 iustum
1486 504 1555 566 et
1589 501 1926 567 indictum.
2017 500 2187 566 Mihi
2221 501 2353 587 ipsi

314 591 581 656 omnino
621 590 1175 674 perhonorificum
1211 595 1303 655 est
1336 590 1694 654 discessum
1730 610 1950 654 meum
1984 589 2182 654 funus
2219 589 2353 655 dici

312 679 409 744 rei
462 679 793 765 publicae3
846 679 1101 762 reliqua
1158 699 1294 743 non
1348 677 1693 762 reprendo,
1749 677 1863 743 sed
1917 677 2083 742 mihi
2136 678 2220 742 ad
2263 677 2349 761 id,
2376 694 2405 735 ⁵

314 766 488 851 quod
534 767 777 851 sentiO,
840 767 1129 832 adsumo.
1230 765 1435 850 Nam,
1507 766 1566 831 si
1619 765 1785 830 illud
1838 766 1981 830 iure
2040 769 2350 852 rogatum

312 855 526 921 dicere
566 855 709 921 ausi
748 858 922 940 sunt,
959 854 1136 938 quod
1170 853 1354 919 nullo
1391 854 1697 938 exemplo·
1721 853 1867 918 fieri
1891 854 2132 938 potuit,
2164 854 2352 919 nulla

309 943 459 1029 lege
495 943 703 1028 licuit,
738 943 895 1028 quia
927 965 1122 1008 1161110
1160 942 1239 1007 de
1277 942 1458 1008 caelo
1495 946 1809 1026 servarat,
1847 941 2124 1008 oblitine
2162 946 2350 1008 erant

312 1035 477 1116 tum,
523 1038 674 1098 cu'm
713 1031 846 1116 ille,
893 1031 1005 1116 qui
1042 1030 1112 1094 id
1148 1034 1394 1116 egerat,
1440 1031 1736 1114 plebeius
1770 1033 1878 1095 est
1910 1030 2058 1131 lege
2097 1030 2352 1096 curiata

310 1119 542 1204 factus,
588 1120 717 1184 dici
763 1120 842 1184 de
888 1119 1070 1184 caelo
1117 1139 1259 1184 6666
1307 1119 1686 1184 servatum?
1778 1117 1907 1195 Qui
1953 1140 2013 1183 s1
2050 1118 2348 1202 plebeius
2377 1137 2432 1176 1⁰

314 1208 579 1273 omnino
626 1229 770 1273 esse
814 1228 951 1273 non
991 1207 1233 1292 potuit,
1279 1207 1394 1290 qui
1435 1207 1740 1272 tribunus
1776 1206 1864 1292 pl.
1900 1207 2124 1290 potuit
2161 1208 2349 1277 esse?

313 1299 400 1380 et,
445 1297 630 1363 cuius
675 1296 1053 1360 tribunatus
1101 1296 1159 1359 si
1203 1300 1390 1359 ratus
1437 1299 1557 1380 est,
1600 1295 1768 1360 nihil
1814 1299 1936 1380 est,
1982 1294 2157 1378 quod
2196 1295 2352 1360 inri-

312 1389 458 1449 tum
522 1407 603 1449 ex
666 1383 834 1449 actis
889 1383 1191 1450 Caesaris
1245 1382 1463 1468 possit
1517 1405 1687 1467 esse,
1752 1383 1891 1448 eius
1942 1404 2078 1448 non
2133 1383 2351 1449 solum

311 1472 710 1557 tribunatus,
748 1472 862 1536 sed
900 1472 1101 1536 etiam
1136 1471 1731 1555 perniciosissimae
1767 1493 1874 1537 res
1906 1470 2350 1555 auspiciorum

226 1568 297 1619 46
315 1560 632 1646 religione
669 1564 1059 1625 conservata
1092 1560 1234 1625 iure
1268 1560 1448 1625 latae
1484 1559 1922 1625 videbuntur?
1988 1558 2202 1636 Quare
2230 1553 2349 1625 aut
2383 1578 2432 1618 1⁵

311 1649 503 1714 vobis
558 1648 982 1713 statuendum
1035 1651 1138 1714 est
1191 1648 1409 1732 legem
1461 1647 1724 1714 Aeliam
1778 1669 2068 1732 manere,
2132 1648 2349 1734 legem

310 1735 569 1800 Fufiam
603 1741 740 1802 no‘n
774 1756 919 1802 esse
958 1736 1368 1822 abrogatam,
1404 1758 1539 1802 non
1576 1735 1879 1803 omnibus
1911 1735 2104 1800 fastis
2131 1736 2350 1822 legem

311 1823 472 1888 ferri
515 1825 733 1909 licere,
778 1847 929 1891 cum
972 1825 1079 1889 lex
1124 1824 1394 1907 feratur,
1442 1824 1519 1888 de
1566 1824 1747 1890 caelo
1791 1823 2055 1908 servari,
2103 1824 2351 1889 obnun-

313 1912 488 1997 tiari,
528 1912 847 1979 intercedi
880 1913 1100 1999 licere,
1137 1912 1510 1979 censorium
1545 1912 1860 1979 iudicium
1897 1934 1972 1978 ac
2008 1911 2348 1979 notionem

314 2005 381 2067 et
435 2002 599 2067 illud
652 2024 913 2067 morum
968 2002 1455 2068 severissimum
1509 2000 1965 2087 magisterium
2017 2023 2154 2067 non
2202 2023 2348 2067 6666
2379 2022 2434 2061 20

311 2090 581 2155 nefariis
625 2090 887 2176 legibus
933 2090 1011 2155 de
1058 2090 1328 2155 civitate
1377 2090 1730 2173 sublatum,
1777 2090 1836 2154 si
1875 2089 2196 2175 patricius
2232 2090 2350 2155 tri-

312 2178 528 2243 bunus
580 2178 669 2263 pl.
722 2178 952 2263 fuerit,
1019 2181 1250 2244 contra
1303 2178 1484 2265 leges
1543 2181 1862 2261 sacratas,
1921 2178 1980 2243 si
2033 2176 2350 2263 plebeius,

313 2270 544 2332 contra
603 2266 897 2351 auspicia
948 2266 1179 2351 fuisse,
1244 2269 1361 2330 aut
1415 2265 1578 2331 mihi
1634 2266 1993 2332 concedant
2045 2266 2348 2333 homines

313 2358 579 2438 oportet
631 2355 704 2419 in
754 2355 951 2419 rebus
1004 2354 1198 2420 bonis
1250 2376 1388 2420 non
1441 2354 1778 2439 exquirere
1829 2376 1906 2419 66
1949 2354 2122 2438 11116,
2178 2376 2347 2439 quae

310 2442 442 2525 ipsi
482 2442 552 2506 in
587 2443 861 2526 perditis
897 2464 1032 2507 non
1065 2442 1432 2526 exquirant,
1477 2442 1866 2527 praesertim
1903 2464 2052 2508 cum
2090 2443 2172 2507 ab
2210 2442 2346 2507 illis
2377 2463 2434 2503 25

313 2530 709 2615 aliquotiens
756 2530 1051 2597 condicio
1090 2529 1160 2597 C.
1198 2529 1466 2597 Caesari
1501 2532 1640 2595 lata
1677 2530 1785 2614 sit,
1827 2534 1906 2594 ut
1943 2531 2202 2596 easdem
2239 2553 2347 2596 res

314 2617 445 2683 alio
492 2620 685 2685 modo
727 2618 949 2703 ferret,
996 2640 1126 2703 qua
1162 2618 1541 2684 condicione
1579 2618 1872 2703 auspicia
1907 2619 2348 2704 requirebant,

309 2706 493 2792 leges
549 2706 1070 2792 conprobabant,
1123 2707 1196 2772 in
1250 2705 1480 2772 Clodio
1537 2706 1978 2791 auspiciorum
2030 2707 2203 2772 ratio
2257 2708 2349 2773 sit

313 2795 556 2879 eadem,
599 2792 780 2880 leges
828 2817 1054 2860 omnes
1101 2795 1237 2860 sint
1283 2816 1545 2860 eversae
1591 2817 1668 2860 ac
1703 2794 1997 2879 perditae
2035 2795 2348 2861 civitatis.

382 2897 389 2906 ‘
446 2883 837 2949 Extremum
895 2883 1060 2947 illud
1115 2888 1233 2948 est.
1335 2883 1510 2969 Ego,
1575 2883 1633 2948 si
1687 2886 1907 2948 essent
1958 2883 2346 2949 inimicitiae
2376 2903 2434 2944 ³0

314 2970 479 3036 mihi
520 2993 670 3036 cum
707 2970 778 3037 C.
816 2969 1111 3055 Caesare,
1156 2975 1382 3037 tamen
1414 2970 1542 3057 hoc
1577 2975 1873 3055 tempore
1910 2971 2346 3056 reipublicae

314 3059 670 3143 consulere,
714 3059 1098 3124 inimicitias
1143 3057 1216 3123 in
1260 3058 1440 3123 aliud
1484 3063 1745 3143 tempus
1790 3080 2122 3125 reservare
2160 3059 2348 3125 debe-

313 3167 482 3231 rem3
515 3168 781 3230 possem
817 3148 1019 3211 etiam
1056 3168 1463 3212 summorum
1489 3147 1780 3213 virorum
1808 3148 2103 3232 exemplo
2133 3148 2348 3213 inimi-

313 3234 507 3299 citias
561 3235 658 3300 rei
710 3234 1010 3318 publicae
1066 3255 1264 3299 causa
1317 3234 1659 3319 deponere.
1751 3233 1879 3301 Sed
1934 3257 2083 3301 cum
2132 3236 2348 3301 inimi-

316 3322 509 3386 citiae
561 3322 809 3387 fuerint
858 3343 1241 3409 numquam,
1299 3323 1521 3406 opinio
1567 3323 1846 3389 iniuriae
1888 3323 2206 3389 beneficio
2249 3324 2348 3389 sit
2375 3347 2431 3388 ³⁶

314 3408 631 3493 extincta,
678 3410 1007 3474 sententia
1052 3430 1215 3492 mea,
1260 3414 1484 3493 patres
1533 3411 1906 3497 conscripti,
1951 3411 2011 3476 si
2055 3412 2345 3498 dignitas

315 3495 535 3580 agitur
591 3494 915 3581 Caesaris,
977 3496 1232 3562 homini
1295 3498 1614 3583 tribuam,
1677 3498 1737 3565 si
1792 3499 2004 3564 honos
2059 3500 2350 3584 quidam,

206 2854 295 2919 20

224 2945 292 2994 47
