2550 3875
837 176 990 231 CAP
1029 183 1170 233 3—5
1207 184 1238 245 ς
1278 186 1372 234 ‘1—
2064 182 2152 248 69

123 340 316 401 tanto
371 338 589 403 studio
645 339 932 406 civitatis
985 342 1233 406 nemim
1287 342 1557 408 reddita.
1656 342 1756 408 De
1810 349 1877 409 te
1932 348 2151 413 autem

124 425 426 491 homines
483 427 637 510 quid
693 429 1009 513 sentiant,
1061 430 1133 494 in
1185 429 1434 495 honore
1481 432 1732 514 experti
1778 454 2031 517 sumus,
2081 435 2152 499 in

125 514 344 578 salute
388 520 856 599 exspectamus.
949 515 1077 582 Sed
1123 521 1345 583 tamen
1387 540 1471 583 ne
1514 540 1619 583 me
1656 540 1805 585 cum
1839 521 1944 585 his
1979 521 2152 606 prin-

126 601 383 685 cipibus
430 602 746 689 civitatis,
793 605 906 689 qui
952 606 1192 670 adsunt
1235 606 1309 671 P.
1358 604 1591 690 SestiO‚
1636 608 1751 673 sed
1794 613 1871 674 ut
1915 613 2152 694 tecum,

67 713 96 753 5
125 711 277 754 cum
320 690 583 756 homine
628 714 759 757 uno
802 715 939 758 non
983 694 1199 759 solum
1241 693 1785 778 inpudentissimo
1830 694 1919 737 ³¹²*
1954 702 2150 782 atque

121 778 369 862 infim0,
406 779 752 864 conferam,
790 782 868 846 de
904 785 974 846 te
1008 782 1172 867 ipse,
1208 782 1473 847 homine
1505 787 1573 847 et
1600 784 2150 870 adrogantissimo

121 869 194 931 et
243 866 408 931 mihi
451 867 931 952 inimicissimo,
986 891 1254 955 quaero,
1310 869 1565 956 Vatini,
1618 874 1841 937 utrum
1886 874 2150 938 tandem

118 958 316 1037 putes
366 954 519 1020 huic
563 956 846 1041 civitati,
900 957 1053 1023 huic
1098 958 1194 1022 rei
1238 959 1565 1043 publicae,
1617 958 1771 1025 huic
1814 962 1991 1045 urbi,
2043 961 2148 1025 his

119 1042 417 1127 templis,
463 1045 741 1130 aerario,
789 1046 1030 1131 curiae,
1075 1046 1234 1111 viris
1281 1046 1415 1130 his,
1462 1068 1625 1131 quos
1673 1047 1870 1132 vides,
1914 1049 2151 1113 horum

38 1157 92 1196 ιο
119 1132 335 1215 bonis,
368 1130 672 1217 fortunis,
706 1134 952 1219 liberis,
989 1097 1240 1200 civibus
1282 1135 1533 1217 ceteris,
1569 1135 1847 1219 denique
1884 1137 2149 1201 deorum

115 1220 599 1284 immortalium
653 1221 968 1307 delubris,
1033 1223 1370 1324 auspiciis,
1434 1187 1861 1308 religionibus
1916 1225 2149 1289 melius

114 1307 328 1372 fuisse
373 1311 441 1372 et
485 1309 950 1392 praestabilius
996 1332 1100 1375 me
1148 1312 1355 1376 civem
1400 1311 1471 1375 in
1504 1311 1630 1375 hac
1668 1312 1933 1376 civitate
1967 1314 2149 1377 nasci

115 1418 210 1461 an
254 1398 340 1460 te.
431 1394 598 1463 Cum
641 1398 804 1462 mihi
848 1398 975 1463 hoc
1013 1398 1423 1483 responderis
1461 1403 1579 1463 aut
1613 1399 1711 1464 ita
1745 1400 2149 1485 inpudenter,

113 1486 201 1548 ut
242 1504 475 1550 manus
521 1506 561 1549 a
605 1488 672 1550 te
718 1486 1014 1551 homines
1061 1488 1170 1551 vix
1216 1486 1545 1551 abstinere
1581 1488 1856 1571 possint,
1902 1492 2017 1553 aut
2052 1489 2149 1553 ita

35 1598 86 1639 15
115 1571 446 1656 dolenter,
500 1577 576 1636 ut
631 1574 980 1675 aliquando
1035 1575 1192 1658 ista,
1248 1596 1415 1659 quae
1467 1579 1621 1639 sunt
1665 1576 1919 1660 inflata,
1973 1599 2145 1641 rum-

111 1664 384 1745 pantur,
428 1664 571 1724 tum
616 1662 994 1727 memoriter
1039 1663 1429 1748 respondeto
1478 1664 1560 1727 ad
1606 1685 1701 1747 ea,
1747 1685 1913 1748 quae
1959 1668 2025 1730 te
2067 1666 2145 1730 de
2166 1710 2209 1773 5

110 1755 186 1813 te
241 1749 389 1833 ipso
444 1770 700 1835 rogaro.
789 1750 1010 1834 Atque
1065 1751 1230 1816 illud
1272 1751 1943 1817 tenebricosissimum
1987 1756 2147 1817 tem·
2172 1801 2239 1849 11.

111 1858 244 1921 pus
290 1837 577 1902 ineuntis
625 1838 861 1903 aetatis
908 1841 1059 1903 tuae
1098 1839 1316 1923 patiar
1350 1839 1570 1905 latere.
1661 1838 1901 1904 Licet
1881 1861 2146 1924 lmpune

110 1948 238 2011 per
300 1947 405 1990 me
466 1925 750 2012 parietes
813 1927 883 1993 in
945 1927 1389 1993 adulescentia
1445 1926 1832 2013 perfoderis,
1897 1928 2145 1995 vicinos

21 2039 84 2080 ao
113 2015 525 2100 compilaris,
585 2019 863 2081 matrem
925 2016 1319 2102 verberaris3
1379 2017 1622 2081 habeat
1683 2016 1809 2082 hoc
1872 2018 2146 2100 praemii

108 2109 237 2168 tua
284 2066 667 2189 indignitas,
721 2107 798 2168 ut
843 2105 1317 2170 adulescentiae
1362 2105 1699 2190 turpitudo
1748 2104 2146 2171 obscuritate

109 2195 186 2257 et
231 2191 534 2256 sordibus
579 2192 712 2256 tuis
761 2196 1124 2278 optegatur.

253 2279 688 2356 Quaesturam
739 2280 968 2364 petisti
1021 2303 1168 2346 cum
1212 2281 1285 2346 P.
1336 2279 1579 2365 Sesti0,
1630 2282 1783 2346 'cum
1827 2281 1935 2345 hic
1977 2281 2145 2345 nihil

105 2371 523 2453 loqueretur,
575 2368 707 2433 nisi
762 2369 936 2453 quod
982 2370 1247 2469 agebat,
1301 2374 1376 2434 tu
1423 2371 1499 2434 de
1548 2369 1755 2434 altero
1802 2370 2146 2434 consulatu

15 2481 78 2522 25
107 2457 404 2544 gerendo
449 2461 517 2522 te
563 2457 808 2522 diceres
857 2457 1162 2542 cogitare.
1255 2457 1511 2534 Quaero
1554 2479 1671 2541 aps
1707 2461 1793 2541 te,
1838 2460 2144 2521 teneasne

107 2545 460 2629 memoria,
515 2567 663 2610 cum
707 2543 781 2610 P.
829 2543 1080 2610 Sestius
1138 2549 1446 2629 quaestor
1490 2546 1579 2610 sit
1624 2545 1875 2610 cunctis
1922 2545 2144 2610 suffra-

105 2634 247 2720 giis
302 2633 542 2717 factus,
599 2637 757 2698 tunc
811 2637 878 2698 te
932 2633 1040 2698 vix
1093 2633 1346 2698 invitis
1376 2634 1678 2698 omnibus
1731 2655 1866 2699 non
1917 2633 2145 2734 populi

103 2721 463 2804 benefici0,
527 2722 642 2786 sed
705 2722 989 2786 consulis
1055 2725 1415 2786 extremum
1478 2721 1878 2806 adhaesisse3
1940 2722 2013 2786 in
2066 2744 2141 2787 eo
2165 2734 2230 2782 12

101 2809 512 2895 magistratu
558 2831 706 2874 cum
750 2809 875 2873 tibi
912 2831 1150 2895 magno
1189 2810 1470 2875 clamore
1508 2810 1777 2894 aquaria
1809 2773 2146 2894 piovincia

17 2926 77 2966 so
105 2903 298 2964 sorte
346 2898 710 2983 optigisset,
759 2898 1084 2962 missusne
1130 2898 1221 2963 sis
1269 2920 1309 2961 a
1354 2919 1457 2962 me
1504 2897 1768 2963 consule
1814 2896 2144 2982 Puteolos,

99 2991 188 3054 ut
241 2985 395 3050 inde
442 3006 673 3050 aurum
717 2985 1046 3070 exportari
1093 2989 1565 3070 argentumque
1609 2985 2021 3070 prohiberes3
2074 2985 2145 3048 in

101 3100 188 3142 eo
234 3075 510 3159 negotio
558 3095 704 3138 cum
749 3078 816 3139 te
860 3095 994 3139 non
1040 3075 1376 3138 custodem
1422 3074 1502 3137 ad
1544 3073 1985 3155 continendaS,
2031 3072 2144 3137 sed

97 3163 507 3250 portitorem
549 3162 630 3225 ad
666 3161 1034 3246 partiendas
1073 3183 1319 3227 merces
1356 3163 1633 3226 missum
1666 3164 1932 3245 putares
1970 3181 2142 3224 cum-

101 3274 237 3337 que
277 3251 574 3316 omnium
608 3250 855 3334 domos,
899 3249 1268 3334 apothecas,
1303 3250 1489 3314 navis
1526 3248 1933 3313 furacissime
1970 3269 2142 3313 scru-

19 3368 66 3410 5
98 3345 327 3405 tarere
363 3338 788 3422 hominesque
822 3338 1072 3422 negotii
1101 3341 1401 3422 gerentes
1429 3337 1733 3401 iudiciis
1713 3336 2141 3418 iniquissimis

97 3427 446 3509 inretires,
495 3429 890 3490 mercatores
938 3446 973 3490 e
1017 3426 1169 3490 navi
1216 3425 1606 3510 egredientis
1652 3428 1950 3507 terreres,
1997 3445 2141 3488 con-

99 3478 484 3582 scandentis
514 3535 857 3597 morarere,
893 3518 1199 3579 teneasne
1226 3513 1541 3578 memoria
1568 3512 1739 3577 tibi
1721 3535 1791 3576 111
1820 3475 2141 3578 con'ventu
