2550 3875
314 186 449 250 242
841 184 986 240 PRO
1025 185 1140 240 GN.
1177 185 1492 241 PLANCIO
1533 184 1821 242 ORATIO.

225 371 294 419 99
314 347 651 434 profectus
707 352 828 412 est.
921 346 978 412 O
1029 347 1333 413 acerbam
1393 347 1583 431 mihi,
1636 347 1913 431 iudices,
1971 347 2365 412 memoriam

315 436 635 521 temporis
689 436 871 500 illius
925 439 994 500 et
1048 437 1206 520 loci,
1263 457 1413 500 cum
1469 435 1578 500 hic
1624 436 1695 500 in
1740 459 1845 500 me
1890 435 2151 519 incidit,
2208 457 2365 500 cum

315 524 671 608 conplexus
727 527 829 588 est
886 523 1384 608 conspersitque
1438 524 1729 589 lacrimis
1783 545 1904 589 nec
1958 524 2142 607 loqui
2200 545 2363 608 prae

316 634 610 678 maerore
665 612 912 696 potuit!
1007 611 1061 676 O
1111 634 1251 676 rem
1308 635 1456 677 cum
1510 612 1739 677 auditu
1795 612 2149 696 crudelem,
2212 617 2365 676 tum

316 701 461 766 visu
513 699 860 766 nefariam!
928 722 966 764 o
1013 700 1304 784 reliquos
1366 721 1592 765 omnes
1638 700 1778 765 dies
1824 705 2183 784 noctesque
2231 721 2362 783 eas,
2418 723 2444 764 5

319 789 560 873 quibus
615 789 746 852 iste
793 810 834 852 a
877 809 982 853 me
1028 810 1162 853 non
1207 789 1514 853 recedens
1560 789 2096 854 Thessalonicam
2142 809 2247 853 me
2293 789 2367 853 in

319 876 895 961 quaestoriumque
947 876 1284 960 perduxit!
1370 876 1499 941 Hic
1545 897 1668 962 ego
1714 898 1889 942 nunc
1936 879 2012 942 de
2058 880 2365 960 praetore

315 965 736 1030 Macedoniae
800 964 968 1029 nihil
1027 965 1241 1029 dicam
1305 965 1586 1048 amplius
1640 965 1771 1030 nisi
1828 987 1977 1030 eum
2031 969 2100 1028 et
2152 965 2368 1030 civem

317 1053 642 1137 optimum
698 1074 955 1136 semper
1009 1056 1077 1116 et
1134 1052 1300 1116 mihi
1354 1052 1641 1117 amicum
1691 1053 1923 1138 fuisse,
1978 1053 2092 1118 sed
2138 1053 2367 1118 eadem

316 1141 616 1206 timuisse
665 1162 830 1224 quae
878 1143 1158 1225 ceteros3
1185 1141 1310 1206 Cn.
1327 1139 1670 1206 Plancium
1714 1141 1918 1207 fuisse
1962 1164 2186 1226 unum,
2230 1163 2369 1206 non
2396 1174 2445 1212 ιο

317 1229 432 1314 qui
483 1229 699 1294 minus
745 1229 1038 1313 timeret,
1093 1231 1233 1312 sed,
1290 1230 1347 1292 si
1394 1229 1761 1295 acciderent
1806 1253 1909 1315 ea,
1965 1252 2133 1314 quae
2180 1229 2369 1294 time-

215 1321 580 1401 morentur,
625 1338 882 1381 mecum
927 1338 1007 1382 ea
1051 1317 1272 1381 subire
1320 1321 1388 1382 et
1431 1320 1688 1402 perpeti
1723 1319 1938 1384 vellet.
2024 1318 2171 1398 Qui,
2216 1341 2371 1383 cum

315 1406 397 1472 ad
453 1427 557 1470 me
609 1403 680 1469 L.
736 1404 995 1469 Tubero
1005 1456 1024 1489 ,
1078 1426 1262 1469 meus
1316 1407 1748 1489 necessarius,
1804 1407 1917 1490 qui
1971 1406 2165 1470 fratri
2220 1429 2369 1472 meo

314 1494 574 1580 legatus
620 1492 875 1576 fuisset,
920 1492 1234 1558 decedens
1282 1515 1362 1559 ex
1406 1494 1569 1558 Asia
1612 1495 1901 1560 venisset
1938 1516 2175 1578 easque
2213 1495 2370 1560 insi-

315 1583 476 1665 dias,
513 1603 677 1665 quas
715 1580 880 1645 mihi
914 1585 1182 1665 paratas
1221 1582 1305 1646 ab
1335 1582 1633 1646 exulibus
1664 1583 2022 1649 coniuratis
2052 1583 2368 1664 audierat,
2400 1611 2449 1653 15

315 1670 399 1735 ad
445 1691 550 1734 me
597 1669 816 1734 animo
865 1669 1263 1735 amicissimo
1310 1670 1681 1755 detulisset,
1725 1672 1798 1736 in
1843 1671 2075 1736 Asiam
2120 1693 2227 1736 me
2272 1673 2369 1738 ire

315 1761 588 1842 propter
652 1758 790 1822 eius
853 1758 1227 1842 provinciae
1293 1780 1550 1824 mecum
1612 1764 1679 1824 et
1743 1782 1893 1824 cum
1957 1781 2103 1825 meo
2162 1759 2369 1824 fratre

315 1845 869 1911 necessitudinem
924 1851 1414 1930 comparantem
1466 1869 1602 1912 non
1656 1851 1759 1912 est
1811 1869 2074 1933 passus3
2127 1848 2191 1912 vi
2246 1871 2371 1932 me,

317 1935 614 2020 inquam,
659 1933 966 1999 Plancius
1023 1940 1091 1999 et
1141 1935 1461 2019 conplexu
1508 1958 1627 2001 suo
1672 1935 1947 2001 retinuit
1993 1936 2369 2022 multosque

319 2045 577 2089 menses
623 2046 664 2088 a
709 2024 924 2107 capite
970 2045 1116 2089 meo
1160 2046 1297 2089 non
1342 2024 1645 2089 discessit
1690 2025 1947 2089 abiecta
1991 2026 2373 2109 quaestoria
2398 2055 2452 2094 20

317 2133 602 2197 persona
647 2111 1036 2195 comitisque
1085 2117 1366 2196 sumpta.

211 2184 300 2247 42
457 2199 511 2264 O
571 2196 874 2264 excubias
929 2204 1107 2283 tuas,
1171 2198 1287 2265 Cn.
1334 2200 1587 2284 Planci,
1651 2201 1927 2266 miseras
1936 2252 1953 2285 ,
2020 2224 2059 2268 o
2114 2203 2371 2267 flebiles
2456 2210 2470 2223 ⁸

217 2275 315 2323 ¹⁰¹
331 2287 613 2373 vigilias,
663 2310 701 2352 o
746 2291 976 2352 noctes
1024 2289 1313 2373 acerbas,
1359 2311 1397 2354 o
1445 2289 1811 2354 custodiam
1856 2290 2059 2355 etiam
2104 2291 2235 2355 mei
2274 2313 2374 2356 ca-

320 2376 481 2459 pitis
535 2374 891 2440 infelicem!
947 2376 1270 2459 siquidem
1327 2397 1450 2462 ego
1497 2377 1623 2442 tibi
1667 2377 1855 2443 vivus
1900 2400 2036 2444 non
2080 2401 2374 2463 prosum,

322 2463 437 2547 qui
463 2462 746 2528 fortasse
775 2467 1074 2528 mortuus
1102 2464 1515 2548 profuissem.
1580 2465 1853 2531 Memini
1882 2468 2073 2549 enim,
2100 2468 2375 2532 memini
2404 2496 2455 2535 25

319 2572 531 2635 neque
577 2572 888 2635 umquam
936 2552 1288 2617 obliviscar
1331 2554 1546 2618 noctis
1592 2553 1799 2639 illius,
1846 2576 1993 2619 cum
2039 2556 2165 2619 tibi
2211 2557 2377 2641 vigi-

321 2639 516 2721 lanti,
571 2640 922 2724 adsidenti,
977 2642 1298 2705 maerenti
1348 2664 1516 2706 vana
1563 2643 1882 2725 quaedam
1928 2643 2127 2707 miser
2174 2648 2377 2728 atque

323 2727 546 2792 inania
589 2728 758 2792 falsa
803 2750 919 2813 spe
963 2728 1268 2794 inductus
1315 2730 1703 2815 pollicebar,
1758 2753 1889 2814 me,
1940 2732 1999 2795 si
2045 2752 2258 2796 essem
2306 2734 2380 2797 in

321 2816 610 2901 patriam
654 2817 1024 2901 restitutus,
1068 2823 1484 2901 praesentem
1528 2819 1657 2882 tibi
1698 2820 1947 2903 gratias
1983 2820 2377 2905 relaturum3

325 2905 428 2969 sin
501 2908 618 2969 aut
688 2906 896 2969 vitam
960 2905 1125 2969 mihi
1187 2905 1327 2971 fors
1394 2907 1745 2973 ademisset
1810 2912 1925 2972 aut
1987 2909 2086 2972 vis
2152 2908 2380 2992 aliqua
2406 2944 2457 2985 ω

322 2993 535 3057 maior
587 2992 872 3057 reditum
925 2993 1338 3077 peremisset,
1392 2994 1544 3078 hos,
1597 2995 1721 3060 hos
1778 2992 1974 3081 (quos
2030 2996 2205 3061 enim
2253 3018 2378 3083 ego

323 3084 467 3144 tum
505 3080 672 3145 alios
711 3082 928 3146 animo
958 3080 1335 3167 intuebar?)
1375 3083 1597 3146 omnia
1623 3083 1751 3148 tibi
1778 3083 2045 3148 illorum
2072 3084 2383 3149 laborum

323 3169 618 3252 praemia
657 3191 778 3252 pro
817 3191 920 3234 me
957 3169 1428 3253 persoluturos.
1504 3171 1676 3247 Quid
1712 3193 1817 3235 me
1856 3176 2173 3257 aspectas,
2222 3175 2384 3257 quid

324 3277 472 3319 mea
533 3257 862 3339 promissa
923 3256 1195 3340 repetis,
1260 3257 1417 3341 quid
1481 3281 1695 3323 meam
1756 3260 1954 3325 fidem
2016 3261 2384 3345 imploras?

323 3341 513 3406 Nihil
559 3343 685 3407 tibi
732 3365 854 3430 ego
902 3347 1045 3408 tum
1091 3344 1170 3409 de
1215 3346 1379 3410 meis
1428 3348 1663 3435 opibus
1710 3349 2087 3432 pollicebar,
2140 3349 2254 3414 sed
2304 3352 2383 3415 de
2412 3384 2464 3425 35

323 3430 563 3493 horum
627 3451 785 3516 erga
847 3452 952 3495 me
1015 3432 1461 3498 benivolentia
1514 3435 2016 3521 promittebam3
2078 3437 2203 3502 hos
2258 3460 2383 3522 pro

326 3537 430 3579 me
475 3516 720 3601 lugere,
764 3519 888 3582 hos
935 3539 1215 3604 gemere,
1249 3521 1375 3586 hos
1422 3522 1753 3587 decertare
1798 3546 1921 3609 pro
1970 3546 2116 3589 meo
2165 3528 2384 3609 capite
