2550 3875
324 169 461 232 404
633 165 713 218 IN
748 164 823 218 M.
861 162 1203 218 ATONIUM
1238 161 1514 216 ORATIO
1550 159 1957 215 PHILIPPICA
1993 159 2062 214 ΙΙ.

330 327 633 392 Gemitus
678 329 823 390 toto
870 323 1031 389 foro.
1123 323 1311 389 Unde
1359 323 1698 387 diadema?
1745 321 1900 386 Non
1936 322 2111 386 enim
2150 321 2373 386 abiec-

330 422 473 480 tum
540 414 927 496 sustuleras,
1002 412 1113 476 sed
1178 412 1510 476 adtuleras
1555 411 1769 474 domo
1835 409 2226 474 meditatum
2293 413 2372 472 et

330 503 698 588 cogitatum
726 501 955 566 scelus.
1027 500 1126 564 Tu
1154 500 1453 564 diadema
1479 498 1838 582 inponebas
1868 519 2017 562 cum
2043 498 2370 583 plangore

328 589 584 675 populi,
657 588 767 653 ille
838 610 985 653 cum
1047 588 1284 672 plausu
1347 588 1676 652 reiciebat.
1784 584 1884 650 Tu
1949 607 2106 671 ergo
2171 607 2368 668 unus,

332 679 672 761 scelerate,
735 677 1035 741 inventus
1100 698 1188 758 63,
1254 675 1367 759 qui
1431 697 1580 740 cum
1643 678 1874 740 auctor
1931 674 2118 760 regni
2180 695 2367 738 esses
2428 701 2455 740 5

330 786 617 850 eumque,
684 787 875 849 quem
949 764 1271 849 collegam
1342 764 1661 846 habebas,
1723 763 2058 827 dominum
2116 761 2368 826 habere

329 854 558 938 velles,
611 853 783 918 idem
836 856 1221 936 temptareS,
1278 852 1434 935 quid
1481 851 1760 935 populus
1807 850 2144 916 Romanus
2189 849 2366 914 ferre

245 961 317 1011 86
337 946 405 1007 et
468 941 611 1026 pati
672 945 912 1025 posset.
1021 940 1115 1004 At
1178 941 1378 1004 etiam
1441 939 1955 1004 misericordiam
2020 939 2368 1022 captabas;

332 1031 605 1114 supplex
641 1033 708 1094 te
746 1029 827 1093 ad
864 1029 1058 1112 pedes
1088 1028 1416 1093 abiciebas
1449 1028 1602 1111 quid
1630 1026 1906 1110 petens?
1933 1031 2010 1091 ut
2038 1026 2366 1090 servires?

330 1118 481 1182 Tibi
536 1118 651 1182 uni
703 1121 984 1202 petereS,
1041 1117 1153 1199 qui
1208 1117 1305 1180 ita
1351 1139 1390 1179 a
1433 1138 1636 1199 puero
1683 1116 1964 1199 vixeraS,
2018 1119 2093 1178 ut
2140 1114 2368 1178 omnia
2397 1143 2450 1182 10

330 1211 646 1291 paterere,
681 1209 757 1269 ut
793 1205 985 1270 facile
1024 1204 1329 1289 servires3
1366 1227 1405 1268 a
1438 1205 1630 1268 nobis
1658 1203 2030 1288 populoque
2060 1201 2363 1267 Romano

334 1295 713 1359 mandatum
758 1292 825 1356 id
874 1295 1045 1357 certe
1081 1315 1215 1368 non
1249 1293 1557 1357 habebas.
1643 1291 1696 1356 Ο
1737 1291 2138 1375 praeclaram
2176 1291 2365 1354 illam

334 1382 775 1466 eloquentiam
821 1385 1033 1464 tuam,
1080 1403 1229 1445 cum
1275 1403 1345 1445 es
1391 1380 1601 1445 nudus
1651 1379 2094 1444 contionatus!
2191 1377 2362 1454 Quid

204 1510 206 1512 -
331 1471 458 1547 hac
524 1469 781 1552 turpius
792 1519 809 1551 ,
872 1469 1028 1552 quid
1091 1468 1372 1552 foedius,
1439 1468 1593 1552 quid
1659 1467 1995 1551 suppliciis
2057 1467 2364 1531 omnibus

334 1557 641 1642 dignius?
714 1555 893 1620 Num
939 1561 1295 1640 exspectaS,
1343 1557 1497 1621 dum
1543 1560 1609 1620 te
1657 1555 1940 1620 stimulis
1989 1553 2362 1619 fodiamus?
2392 1582 2440 1621 15

333 1645 512 1710 Haec
558 1649 652 1729 te,
698 1643 756 1708 si
800 1644 1004 1708 ullam
1048 1649 1306 1729 partem
1349 1645 1552 1709 habes
1601 1665 1857 1727 sensus,
1901 1645 2162 1726 lacerat,
2200 1643 2363 1707 haec

336 1736 636 1797 cruentat
701 1733 929 1796 oratio.
1038 1732 1319 1817 Vereor,
1383 1755 1464 1797 ne
1518 1732 1905 1796 imminuam
1957 1753 2359 1796 summorum

335 1821 626 1886 virorum
699 1821 1006 1906 gloriam;
1086 1820 1299 1886 dicam
1379 1824 1601 1884 tamen
1671 1820 1892 1885 dolore
1965 1824 2360 1883 commotus:

340 1909 510 1987 Quid
553 1908 883 1995 indignius
934 1931 1127 1993 quam
1172 1910 1388 1973 vivere
1435 1930 1579 1974 eum
1592 1960 1609 1993 ,
1666 1908 1778 1993 qui
1821 1907 2188 1992 inposuerit
2233 1907 2359 1971 dia·

337 1999 551 2082 dema,
616 2020 764 2063 cum
828 2020 1053 2063 omnes
1120 1998 1452 2063 fateantur
1513 1998 1653 2061 iure
1717 1996 2138 2062 interfectum
2201 2017 2359 2078 esse,
2386 2022 2438 2061 20

250 2108 318 2158 87
341 2088 453 2169 qui
510 2086 865 2151 abiecerit?
966 2085 1058 2149 At
1114 2087 1315 2151 etiam
1361 2085 1643 2151 adscribi
1689 2086 1884 2150 iussit
1929 2085 1997 2148 in
2042 2083 2234 2148 fastis
2281 2084 2357 2147 ad

338 2174 722 2257 Lupercalia
769 2172 837 2239 C.
876 2172 1138 2239 Caesari
1180 2175 1485 2239 dictatori
1523 2177 1838 2257 perpetuo
1875 2171 1964 2236 M.
2002 2171 2359 2237 Antonium

340 2261 673 2327 consulem
708 2262 934 2345 populi
970 2262 1153 2327 iussu
1187 2283 1463 2347 regnum
1501 2261 1839 2345 detulisse3
1881 2259 2226 2327 Caesarem
2263 2260 2358 2324 uti

337 2349 645 2413 noluisse.
716 2349 860 2413 Iam
897 2350 1029 2413 iam
1066 2350 1332 2415 minime
1371 2349 1574 2414 miror
1610 2354 1676 2413 te
1715 2349 1925 2414 otium
1959 2348 2358 2433 perturbare,

339 2459 472 2501 non
527 2436 718 2501 modo
773 2439 1003 2502 urbem
1059 2438 1298 2523 odisse,
1345 2438 1458 2502 sed
1503 2438 1702 2502 etiam
1747 2438 1985 2520 lucem,
2032 2458 2182 2501 cum
2224 2458 2360 2520 per·
2385 2460 2433 2502 se

341 2524 683 2589 ditissimis
738 2525 1103 2591 latronibus
1148 2548 1282 2591 non
1328 2526 1540 2590 solum
1586 2527 1662 2589 de
1711 2526 1812 2590 die
1823 2576 1840 2608 ,
1889 2524 2002 2589 sed
2049 2524 2250 2588 etiam
2293 2524 2360 2588 in

342 2613 515 2677 diem
544 2613 786 2679 bibere.
855 2613 989 2679 Ubi
1026 2614 1198 2678 enim
1236 2618 1312 2678 tu
1347 2615 1417 2678 in
1453 2636 1610 2697 pace
1641 2613 2003 2679 consistes?
2043 2613 2154 2696 qui
2183 2613 2358 2677 locus

342 2701 468 2765 tibi
530 2701 602 2765 in
664 2702 919 2787 legibus
986 2705 1052 2765 et
1106 2703 1177 2765 in
1229 2702 1485 2766 iudiciis
1550 2723 1691 2766 esse
1744 2704 1994 2784 potest,
2049 2722 2214 2784 quae
2270 2704 2358 2783 tu,

344 2793 660 2874 quantum
696 2790 767 2853 in
801 2794 869 2853 te
904 2789 1050 2872 fuit,
1086 2789 1424 2853 dominatu
1460 2790 1642 2875 regio
1681 2788 2054 2854 sustulisti?
2127 2788 2359 2853 ldeone

342 2877 415 2941 L.
470 2877 860 2960 Tarquinius
915 2881 1209 2959 exactus,
1266 2876 1374 2961 Sp.
1430 2876 1721 2961 Cassius,
1774 2876 1880 2959 Sp.
1924 2874 2230 2958 Maelius,
2275 2875 2358 2940 M.
2385 2903 2434 2941 so

342 2964 627 3030 Manlius
672 2966 905 3049 necati,
949 2968 1025 3029 ut
1070 2966 1298 3030 multis
1344 2970 1498 3049 post
1544 2965 1818 3030 saeculis
1856 2988 1895 3029 a
1939 2964 2027 3029 M.
2073 2963 2358 3029 Antonio

348 3054 548 3138 [quod
594 3053 694 3118 fas
739 3076 874 3119 non
918 3056 1045 3135 est]
1094 3075 1208 3117 rex
1253 3052 1500 3119 Romae
1549 3052 2100 3119 constitueretur?

240 3124 325 3191 35
482 3140 607 3206 Sed
644 3142 724 3205 ad
763 3141 1051 3225 auspicia
1077 3142 1440 3227 redeamus,
1478 3142 1554 3206 de
1585 3141 1820 3225 quibus
1849 3140 2074 3206 Idibus
2103 3139 2357 3205 Martiis

258 3215 326 3264 88
348 3230 475 3294 fuit
520 3230 591 3293 in
628 3234 859 3293 senatu
898 3229 1138 3295 Caesar
1176 3234 1456 3294 acturus,
1542 3229 1824 3306 Quaero:
1871 3228 2039 3293 Tum
2085 3232 2161 3292 tu
2209 3228 2358 3311 quid

348 3317 639 3402 egisses?
685 3316 1049 3381 Audiebam
1096 3318 1395 3400 equidem
1431 3321 1497 3381 te
1542 3322 1848 3401 paratum
1881 3316 2154 3401 venisse,
2193 3316 2358 3399 quod
2383 3342 2430 3383 ss

350 3427 451 3468 me
490 3404 567 3468 de
606 3406 937 3469 ementitis
968 3405 1295 3487 auspiciiS,
1335 3405 1568 3486 quibus
1597 3411 1820 3470 tamen
1845 3426 2073 3490 parere
2101 3425 2355 3469 necesse

350 3494 517 3569 erat,
589 3495 853 3574 putares
927 3514 1069 3555 6336
1142 3492 1484 3556 dicturum.
1597 3492 1881 3559 Sustulit
1941 3493 2129 3558 illum
2193 3492 2354 3557 diem
