2550 3875
769 147 921 203 CAP.
962 154 1170 204 60-63
1208 155 1240 215 ἓ
1279 155 1577 206 128—131.
2091 152 2177 216 57

156 311 242 374 ab
295 309 420 374 hac
474 312 615 374 tam
666 309 938 392 inpensa
987 310 1323 376 voluntate
1370 312 1691 376 bonorum
1734 313 1953 397 palam
1998 313 2181 378 dissi·

157 399 362 481 deret,
405 401 481 460 ut
527 397 728 462 etiam
774 397 848 474 Q.
892 397 1197 464 Metellus
1245 399 1489 483 consul,
1536 400 1649 484 qui
1693 400 1856 466 mihi
1902 400 2004 464 vel
2048 422 2183 465 ma-

154 486 329 549 xime
395 507 474 548 ex
536 485 794 569 magnis
857 487 1383 552 contentionibus
1442 488 1538 552 rei
1591 488 1889 572 publicae
1944 488 2236 553 fuisset

154 573 480 656 inimicus,
525 573 602 636 de
639 595 785 636 mea
820 574 1030 639 salute
1067 575 1416 640 rettulerit.
1510 575 1637 652 Qui
1674 576 1995 641 excitatus
2034 599 2181 642 cum

104 682 130 720 5
156 683 416 726 summa
469 661 860 726 auctoritate
913 668 1189 746 senatu-5,
1254 669 1385 727 tum
1438 663 1509 727 P.
1548 661 1782 728 Servili
1840 666 2187 730 incredibili

156 750 441 833 quadam
478 748 802 834 gravitate
841 750 1110 834 dicendi,
1153 772 1301 816 cum
1335 751 1446 815 ille
1485 752 1693 816 omnis
1730 774 1931 836 prope
1969 754 2051 817 ab
2089 753 2186 818 in·

153 837 315 902 feris
354 841 686 903 evocasset
720 836 1024 904 Metellos
1072 842 1139 902 et
1185 839 1266 902 ad
1311 838 1487 904 illius
1524 840 1800 924 generis,
1847 841 2019 924 quod
2055 841 2183 905 sibi

156 948 310 990 cum
385 947 460 990 eo
536 947 873 992 commune
939 930 1140 1010 esset,
1212 926 1603 1012 dignitatem
1666 928 2016 1012 propinqui
2080 929 2184 994 sui

154 1017 447 1080 mentem
486 1035 526 1076 a
552 1012 883 1079 Clodianis
917 1013 1281 1078 latrociniis
1318 1015 1694 1098 reflexisset,
1733 1037 2005 1099 cumque
2034 1038 2182 1081 eum

87 1123 130 1161 ιο
155 1103 238 1166 ad
286 1101 629 1166 domestici
673 1102 951 1186 exempli
995 1103 1377 1169 memoriam
1414 1107 1483 1166 et
1519 1103 1600 1167 ad
1636 1101 1967 1168 Numidici
2003 1103 2183 1168 illius

153 1189 413 1254 Metelli
458 1210 678 1254 casum
722 1190 826 1254 vel
873 1190 1232 1275 gloriosum
1275 1191 1380 1254 vel
1426 1210 1693 1276 gravem
1739 1191 2183 1275 convertisset,

154 1278 670 1344 conlacrumavit
715 1277 818 1342 vir
857 1278 1160 1363 egregius
1199 1300 1273 1342 ac
1310 1301 1457 1345 vere
1495 1277 1801 1342 Metellus
1839 1283 2181 1362 totumque

153 1389 225 1432 se
273 1365 348 1431 P.
396 1364 672 1430 Servilio
727 1365 968 1431 dicenti
1023 1365 1222 1431 etiam
1277 1370 1421 1430 tum
1476 1366 1771 1449 tradidit,
1824 1389 1945 1431 nec
1999 1366 2183 1430 illam

154 1455 450 1520 divinam
495 1453 887 1538 gravitatem
931 1454 1192 1538 plenam
1237 1454 1652 1538 antiquitatis
1699 1455 1944 1518 diutius
1984 1454 2181 1518 homo

82 1563 126 1604 15
153 1542 450 1608 eiusdem
503 1541 838 1628 sanguinis
893 1542 1112 1626 potuit
1167 1542 1490 1606 sustinere
1537 1547 1603 1606 et
1648 1564 1903 1608 mecum
1949 1543 2181 1606 absens

150 1629 474 1696 beneficio
529 1651 648 1694 suo
703 1630 896 1694 rediit
949 1629 1020 1694 in
1072 1630 1371 1715 gratiam.
1469 1630 1656 1706 Quod
1713 1635 1912 1714 certe,
1968 1630 2025 1695 si
2080 1635 2180 1694 est
2204 1639 2301 1690 131

151 1719 366 1803 aliqui
427 1739 656 1782 sensus
718 1718 790 1782 in
851 1722 1061 1782 morte
1121 1718 1603 1802 praeclarorum
1656 1719 1970 1802 virorum,
2036 1740 2181 1784 cum

153 1807 464 1872 omnibus
517 1803 832 1890 Metellis,
897 1810 1037 1871 tum
1100 1828 1252 1870 vero
1317 1807 1431 1870 uni
1493 1807 1634 1871 viro
1698 1806 2058 1870 fortissimo
2115 1812 2183 1870 et

151 1894 722 1981 praestantissimo
799 1894 923 1959 civi
987 1894 1462 1980 gratissimum,
1533 1893 1729 1960 fratri
1791 1915 1908 1960 suo
1919 1947 1937 1979 ,
2008 1894 2181 1980 fecit,

83 2008 128 2047 20
153 1984 340 2049 socio
386 1983 713 2067 laborum,
757 1982 1223 2067 periculorum,
1269 1983 1691 2047 consiliorum
1734 2004 2044 2047 meorum.

293 2071 570 2135 Reditus
615 2092 766 2135 vero
815 2092 996 2135 meus
1039 2072 1152 2155 qui
1186 2070 1405 2154 fuerit,
1453 2071 1597 2154 quis
1634 2071 1942 2156 ignorat?
1991 2092 2183 2155 quem
2202 2072 2289 2137 63

154 2160 242 2225 ad
305 2160 569 2223 modum
634 2159 796 2225 mihi
860 2158 1226 2223 advenienti
1291 2162 1627 2242 tamquam
1686 2160 1894 2238 totius
1948 2157 2184 2223 Italiae

153 2253 359 2332 atque
413 2246 620 2331 ipsius
673 2246 926 2331 patriae
981 2247 1276 2312 dextram
1330 2247 1739 2331 porrexerint
1786 2246 2185 2330 Brundisini,

154 2358 311 2401 cum
369 2335 532 2418 ipsis
587 2333 798 2399 Nonis
857 2333 1212 2399 Sextilibus
1265 2335 1439 2399 idem
1493 2335 1629 2399 dies
1684 2334 1999 2399 adventus
2055 2336 2185 2400 mei

76 2448 125 2489 25
151 2424 395 2489 fuisset
432 2423 805 2507 reditusque
845 2423 1105 2506 natalis,
1141 2422 1314 2486 idem
1351 2422 1720 2488 carissimae
1758 2422 1950 2507 filiae,
1989 2444 2186 2507 quam

154 2534 244 2577 ex
304 2511 691 2595 gravissimo
756 2514 898 2576 tum
960 2510 1243 2595 primum
1298 2510 1615 2575 desiderio
1670 2510 1981 2594 luctuque
2041 2533 2186 2576 con-

152 2600 371 2684 spexi,
423 2599 596 2664 idem
652 2598 851 2664 etiam
904 2598 1110 2682 ipsius
1163 2598 1455 2663 coloniae
1500 2598 1959 2682 Brundisinae,
2014 2599 2187 2665 idem

157 2688 438 2771 Salutis,
512 2707 785 2769 cumque
857 2708 961 2750 me
1035 2687 1264 2751 domus
1338 2686 1562 2750 eadem
1636 2690 2056 2771 optumorum
2119 2693 2187 2752 et

155 2774 692 2841 doctissimorum
734 2774 1049 2858 virorum,
1093 2775 1189 2839 M
1238 2772 1443 2838 Laeni
1486 2772 1707 2839 Flacci
1754 2779 1820 2839 et
1864 2776 2073 2859 patris
2120 2780 2188 2839 et

77 2888 127 2928 so
151 2863 386 2929 fratris
433 2864 589 2947 eius,
633 2861 995 2927 laetissima
1040 2862 1415 2947 accepisset,
1462 2884 1625 2946 quae
1670 2863 1968 2947 proximo
2016 2884 2185 2927 anno

155 2972 456 3017 maerens
503 2954 836 3033 receperat
880 2954 948 3014 et
985 2972 1102 3014 suo
1140 2949 1463 3034 praesidio
1502 2950 1919 3050 periculoque
1976 2949 2187 3015 desen-

154 3040 365 3104 derat.
457 3037 744 3105 Cunctae
797 3037 1030 3102 itinere
1087 3041 1231 3103 toto
1277 3039 1474 3103 urbes
1518 3036 1751 3102 Italiae
1797 3038 2003 3103 festos
2050 3037 2187 3101 dies

155 3148 383 3280 {3552
403 3127 736 3302 a‘fflffi
761 3124 2189 3298 mnffisAEffifflssssfgffffaffiffffffimissffiss

79 3326 129 3368 35
158 3324 460 3367 accessus
523 3302 894 3366 incredibili
954 3302 1295 3367 hominum
1356 3265 1776 3367 multitudine
1841 3304 1907 3365 et
1970 3304 2189 3387 gratu-

157 3391 408 3456 latione
454 3389 750 3473 florebat,
796 3390 924 3454 iter
974 3412 1014 3453 a
1056 3394 1268 3474 porta,
1314 3390 1388 3453 in
1424 3388 1841 3489 Capitolium
1868 3410 2189 3472 ascensus,

159 3479 430 3544 domum
480 3477 730 3543 reditus
776 3480 918 3541 erat
964 3478 1101 3543 eius
1147 3478 1351 3561 modi,
1404 3482 1480 3542 ut
1526 3498 1779 3541 summa
1822 3477 1894 3541 in
1935 3476 2190 3541 laetitia
