2550 3875
297 190 431 255 502
577 190 656 243 IN
693 190 767 245 M.
806 188 1201 245 ANTONIUM
1239 188 1510 244 ORATIO
1550 187 1961 244 PHILIPPICA
1997 190 2065 244 X.

297 375 490 417 nemo
539 357 640 416 est
685 356 946 435 praeter
993 355 1336 417 veteranos
1386 352 1629 416 milites
1678 352 1805 434 vir,
1852 350 1964 433 qui
2010 349 2094 414 ad
2143 351 2347 415 servi—

299 444 509 505 tutem
555 440 1064 524 propulsandam
1109 441 1395 525 ingenuo
1442 439 1666 505 dolore
1714 440 2065 523 excitetur3
2110 442 2345 521 potest

297 529 505 613 igitur
569 532 744 593 stare
811 550 914 593 res
969 529 1234 612 publica
1289 527 1461 592 freta
1518 528 1839 593 veteranis
1898 526 2035 591 sine
2094 548 2344 612 magno

299 616 592 681 subsidio
651 616 1029 681 iuventutis.
1113 615 1293 692 Quos
1351 616 1614 700 quidem
1670 637 1785 682 vos
1840 616 2173 680 libertatis
2233 615 2344 679 ad-

298 704 547 769 iutores
621 705 971 789 complecti
1044 705 1323 787 debetis,
1390 704 1727 769 servitutis
1787 708 2088 769 auctores
2150 704 2341 787 sequi
2400 730 2423 767 5

213 794 277 843 19
297 814 432 857 non
478 792 746 858 debetis.
821 793 1164 858 Postremo
1215 790 1545 877 (erumpat
1582 793 1758 857 enim
1793 792 2143 876 aliquando
2185 814 2345 855 vera

297 884 364 945 et
412 903 515 945 me
561 882 761 967 digna
797 879 998 965 voxl),
1046 882 1100 945 si
1150 885 1608 947 veteranorum
1644 886 1809 945 nutu
1846 884 2100 945 mentes
2136 879 2341 943 huius

299 969 544 1033 ordinis
605 970 1054 1055 gubernantur
1111 969 1458 1053 omniaque
1514 969 1597 1033 ad
1651 990 1878 1034 eorum
1926 969 2343 1034 voluntatem

294 1061 524 1122 nostra
568 1057 762 1139 dicta,
810 1058 984 1123 facta
1026 1057 1413 1141 referuntur,
1462 1058 1749 1141 optanda
1785 1078 1962 1122 mors
2002 1060 2122 1140 est,
2170 1078 2341 1140 quae

296 1145 548 1211 civibus
585 1145 901 1210 Romanis
951 1167 1206 1230 semper
1250 1145 1380 1209 fuit
1427 1145 1741 1211 servitute
1786 1145 2026 1230 potior.
2101 1143 2340 1211 Omnis
2372 1172 2419 1208 ιο

296 1236 398 1298 est
462 1234 702 1299 misera
765 1235 1075 1318 servitus;
1141 1234 1252 1298 sed
1315 1234 1514 1298 fuerit
1569 1234 1888 1318 quaedam
1939 1233 2341 1317 necessaria3

293 1322 341 1407 †
369 1323 770 1406 ecquodnam
798 1323 1192 1407 principium
1217 1322 1469 1406 putatis
1500 1322 1829 1387 libertatis
1859 1322 2339 1407 capessendae?

292 1411 428 1494 An,
491 1432 639 1474 cum
693 1410 878 1475 illum
935 1412 1374 1475 necessarium
1432 1414 1498 1473 et
1543 1410 1812 1475 fatalem
1857 1432 2063 1494 paene
2110 1431 2340 1475 casum

293 1521 428 1563 non
499 1498 871 1581 tulerimuS,
951 1499 1125 1563 hunc
1199 1498 1481 1563 feremus
1557 1498 2044 1564 voluntarium?
2164 1498 2341 1563 Tota

293 1586 493 1651 Italia
547 1587 864 1652 desiderio
911 1586 1242 1651 libertatis
1290 1587 1562 1669 exarsit,
1618 1588 1860 1651 servire
1908 1586 2155 1651 diutius
2202 1608 2340 1652 non
2370 1608 2416 1647 ιε

293 1677 516 1757 potest
571 1675 831 1760 civitas3
892 1676 1098 1739 serius
1153 1676 1396 1759 populo
1449 1674 1740 1740 Romano
1796 1675 1969 1740 hunc
2022 1674 2337 1739 vestitum

295 1767 491 1847 atque
541 1784 722 1827 arma
769 1763 1089 1846 dedimuS,
1137 1785 1331 1847 quam
1379 1765 1460 1828 ab
1510 1785 1586 1828 eo
1633 1763 1920 1849 flagitati
1966 1784 2209 1827 sumus.

427 1850 672 1938 Magna
724 1874 846 1917 nos
904 1852 1163 1938 quidem
1221 1874 1336 1935 spe
1393 1855 1460 1915 et
1504 1873 1709 1936 prope
1756 1852 2097 1936 explorata
2142 1852 2339 1915 liber-

295 1940 455 2004 tatis
522 1963 785 2006 causam
844 1942 1274 2025 suscepimus;
1341 1941 1450 2005 sed
1511 1944 1588 2005 ut
1644 1941 1992 2006 concedam
2046 1941 2336 2006 incertos
2538 2008 2542 2017 ,

293 2030 505 2094 exitus
563 2051 704 2094 esse
759 2029 918 2094 belli
972 2029 1382 2113 Martemque
1439 2050 1878 2113 communem,
1933 2033 2158 2093 tamen
2211 2050 2335 2112 pro
2364 2051 2414 2088 2⁰
2538 2022 2543 2045 ¹

292 2116 598 2182 libertate
655 2117 828 2182 vitae
882 2118 1174 2202 periculo
1232 2117 1693 2183 decertandum
1748 2121 1867 2182 est.
1958 2115 2111 2182 Non
2160 2117 2337 2181 enim

292 2205 363 2268 in
409 2205 644 2288 spiritu
692 2207 830 2270 vita
876 2208 998 2290 est,
1044 2207 1153 2270 sed
1202 2228 1279 2270 ea
1324 2206 1507 2270 nulla
1553 2209 1653 2270 est
1699 2205 1965 2270 omnino
2005 2206 2336 2270 servienti.

298 2291 542 2357 Omnes
587 2294 891 2359 nationes
938 2295 1322 2359 servitutem
1369 2294 1537 2358 ferre
1574 2298 1872 2378 possunt,
1918 2297 2148 2359 nostra
2186 2295 2337 2358 civi·

295 2383 397 2444 tas
443 2401 576 2445 non
621 2385 862 2465 potest,
907 2404 1024 2447 nec
1061 2382 1265 2447 ullam
1306 2382 1501 2446 aliam
1542 2382 1625 2447 ob
1667 2403 1946 2463 causam,
1991 2382 2120 2446 nisi
2160 2382 2335 2465 quod

292 2467 444 2533 illae
491 2468 782 2533 laborem
833 2469 1251 2553 doloremque
1298 2471 1589 2556 fugiunt,
1646 2470 1882 2554 quibus
1927 2473 2004 2534 ut
2050 2474 2335 2553 careant,
2362 2489 2411 2530 a

295 2556 515 2621 omnia
570 2559 825 2641 perpeti
879 2562 1185 2642 possunt,
1240 2580 1361 2623 nos
1408 2560 1503 2622 ita
1548 2581 1587 2621 a
1632 2558 1991 2623 maioribus
2037 2558 2334 2622 instituti

293 2649 489 2730 atque
537 2645 774 2710 imbuti
823 2668 1064 2728 sumuS,
1110 2650 1186 2710 ut
1233 2648 1454 2711 omnia
1493 2646 1765 2712 consilia
1802 2650 2000 2731 atque
2036 2645 2217 2712 facta
2254 2647 2334 2710 ad

292 2733 684 2819 dignitatem
740 2738 807 2799 et
863 2735 944 2798 ad
989 2735 1301 2799 virtutem
1348 2735 1753 2800 referremus.
1845 2733 1951 2798 Ita
1994 2734 2335 2818 praeclara

293 2827 394 2886 est
447 2823 855 2906 recuperatio
913 2822 1270 2905 libertatis,
1331 2827 1406 2887 ut
1460 2845 1541 2886 ne
1591 2844 1769 2888 mors
1818 2823 2082 2906 quidem
2128 2823 2219 2888 sit
2264 2824 2334 2888 in

291 2912 642 2994 repetenda
669 2911 975 2976 libertate
1011 2911 1338 2996 fugienda.
1406 2910 1649 2986 Quodsi
1686 2911 2155 2976 immortalitas
2186 2933 2333 2977 con-
2358 2931 2407 2970 so

291 3002 673 3081 sequeretur
717 2998 1094 3083 praesentis·
1127 3000 1403 3084 periculi
1447 3000 1693 3084 fugam,
1741 3003 1961 3064 tamen
1998 3021 2077 3065 eo
2116 3000 2331 3085 magis

292 3108 368 3149 ea
424 3085 732 3172 fugienda
787 3088 1142 3172 videretur,
1199 3111 1328 3171 quo
1388 3087 1758 3152 diuturnior
1808 3088 2092 3153 servitus
2139 3091 2330 3154 esset.

291 3172 456 3238 Cum
531 3196 683 3239 vero
751 3176 887 3241 dies
953 3180 1021 3240 et
1082 3179 1309 3241 noctes
1378 3177 1598 3240 omnia
1658 3197 1781 3240 nos
1844 3175 2131 3259 undique
2192 3176 2332 3241 fata

293 3262 736 3347 circumstent,
783 3286 918 3329 non
965 3267 1066 3328 est
1109 3264 1233 3329 viri
1271 3265 1667 3348 minimeque
1705 3263 1989 3328 Romani
2027 3263 2330 3329 dubitare

293 3369 441 3411 eum
488 3351 824 3433 spiritum,
880 3373 1074 3434 quem
1117 3356 1392 3416 naturae
1440 3352 1700 3435 debeat,
1743 3353 1997 3436 patriae
2046 3352 2328 3417 reddere.
2353 3368 2403 3409 ⁸⁵

203 3442 270 3492 21
295 3431 720 3501 Concurritur
783 3439 1064 3522 undique
1141 3440 1222 3502 ad
1277 3461 1619 3504 commune
1672 3439 2045 3505 incendium
2099 3439 2331 3504 restin-

294 3522 637 3600 guendum.
728 3523 1067 3608 Veterani,
1116 3526 1227 3610 qui
1270 3527 1470 3608 primi
1518 3526 1817 3593 Caesaris
1864 3528 2329 3592 auctoritatem

193 1818 275 1882 10

203 1908 273 1958 20
