2550 3875
876 151 1031 205 CAP.
1074 158 1209 206 ''I—9
1250 158 1282 218 ξ
1323 149 1548 208 15—19.
2101 154 2233 218 169

189 336 394 396 quam
439 316 689 398 potest3
742 313 822 378 ad
868 313 1385 378 misericordiam
1431 315 1622 380 redeo
1671 315 1836 400 eius,
1884 316 1988 380 cui
2033 316 2231 380 nimis

188 403 451 466 videtur
499 405 765 466 senatus
810 401 883 465 in
930 404 1374 467 conservanda
1417 404 1634 486 patria
1680 403 1884 468 fuisse
1933 405 2230 468 crudelis.

187 490 465 554 Edicere
530 494 634 554 est
699 511 895 554 ausus
962 512 1111 554 cum
1171 490 1288 554 illo
1347 485 1467 556 suo
1519 492 1692 576 pari,
1759 513 1954 575 quem
2008 496 2232 557 tamen
2256 496 2325 546 18

191 579 499 644 omnibus
544 578 726 643 vitiis
775 599 1081 662 superare
1136 579 1470 663 cupiebat,
1528 584 1606 644 ut
1653 583 1948 662 senatus,
2005 585 2234 646 contra

78 744 86 748 -
135 681 162 720 ⁵
193 688 395 750 quam
437 667 579 751 ipse
628 666 1007 751 censuisset,
1056 667 1139 732 ad
1182 668 1501 732 vestitum
1549 668 1807 732 rediret.
1899 667 2059 744 Quis
2106 668 2233 733 hoc

185 754 347 819 fecit
410 754 549 819 ulla
610 755 681 819 in
738 753 1013 839 Scythia
1075 758 1396 839 tyrannus
1407 807 1425 841 ,
1488 761 1566 820 ut
1626 777 1764 841 eos,
1831 779 1995 841 quos
2051 757 2234 822 luctu

188 843 507 926 afficeret,
582 843 807 928 lugere
870 865 1007 908 non
1072 844 1364 909 si'neret‘?
1465 843 1830 910 Maerorem
1896 845 2234 930 relinquis,

187 931 506 996 maeroris
565 931 782 996 aufers
838 932 1154 1018 insignia3
1210 933 1410 1017 eripis
1470 932 1774 998 lacrimas
1825 955 1962 998 non
2007 955 2232 998 conso-

187 1020 406 1104 lando,
452 1021 565 1084 sed
611 1019 939 1085 minandO.
1025 1020 1274 1097 Quodsi
1321 1024 1570 1086 vestem
1608 1042 1745 1085 11011
1779 1022 2046 1104 publico
2086 1043 2234 1087 con—

106 1122 161 1162 10
190 1109 340 1174 silio
388 1113 613 1193 patres
662 1109 1035 1194 conscripti,
1087 1109 1201 1173 sed
1245 1110 1505 1194 privato
1554 1108 1773 1174 officio
1822 1114 1938 1173 aut
1983 1109 2234 1174 miseri-

190 1197 413 1264 cordia
486 1197 949 1281 mutavissent,
1027 1201 1251 1262 tamen
1322 1197 1390 1263 id
1461 1197 1567 1261 his
1638 1219 1775 1262 non
1846 1197 2043 1262 licere
2115 1220 2236 1282 per

188 1285 545 1350 interdicta
591 1286 997 1369 [potestatis]
1046 1290 1165 1351 tua
1211 1284 1617 1350 crudelitatis
1665 1287 1809 1350 erat
1850 1308 1989 1351 non
2026 1285 2234 1349 feren-

190 1374 340 1458 dae3
380 1396 529 1440 cum
563 1396 719 1439 vero
758 1374 826 1438 id
862 1376 1129 1438 senatus
1165 1374 1474 1457 frequens
1515 1375 1876 1440 censuisset
1909 1377 1976 1440 et
2007 1395 2234 1439 omnes

192 1463 455 1527 ordines
510 1462 749 1546 reliqui
802 1463 937 1527 iam
984 1465 1135 1527 ante
1180 1461 1518 1544 fecissent,
1573 1467 1649 1527 tu
1696 1486 1775 1527 ex
1819 1462 2236 1526 tenebricosa

92 1563 164 1604 -15
190 1551 441 1636 popina
514 1550 741 1616 consul
815 1554 1149 1615 extractus
1224 1573 1375 1616 cum
1445 1515 1564 1615 1116
1637 1551 1972 1616 saltatrice
2039 1554 2236 1615 tonsa

192 1642 497 1704 senatum
546 1639 774 1724 populi
820 1638 1105 1704 Romani
1152 1661 1456 1713 occasum
1503 1644 1702 1723 atque
1745 1639 2092 1704 interitum
2138 1639 2234 1702 rei

191 1728 495 1813 publicae
550 1727 774 1812 lugere
830 1728 1115 1792 vetuisti.
1214 1727 1311 1792 At
1365 1729 1724 1812 quaerebat
1778 1727 1980 1792 etiam
2034 1726 2232 1812 paulo
2253 1725 2299 1790 9

194 1820 347 1881 ante
400 1816 479 1880 de
525 1838 657 1899 me,
714 1815 870 1916 quid
916 1837 1036 1881 suo
1083 1816 1247 1880 mihi
1296 1839 1458 1900 opus
1507 1815 1744 1881 fuisset
1789 1815 2063 1900 auxili03
2119 1838 2236 1881 cur

192 1926 331 1972 non
374 1904 541 1971 meis
578 1904 865 1969 inimicis
903 1905 1067 1971 meis
1107 1905 1314 1990 copiis
1352 1905 1762 1971 restitissem.
1839 1903 2044 1981 Quasi
2078 1925 2234 1970 vcro

114 2004 169 2045 2⁰
194 2016 331 2060 non
376 1995 573 2059 modo
620 2014 744 2079 ego
754 2044 773 2077 ,
830 1995 942 2078 qui
989 1994 1215 2059 multis
1264 2016 1456 2078 saepe
1505 1995 1749 2059 auxilio
1795 1994 2063 2077 fuerim,
2119 1993 2235 2057 sed

196 2083 549 2167 quisquam
584 2082 772 2146 tam
752 2104 943 2166 inops
972 2082 1173 2147 fuerit
1200 2105 1534 2167 umquam,
1573 2084 1687 2166 qui
1713 2083 1846 2147 isto
1874 2104 2011 2147 non
2038 2081 2232 2146 modo

192 2174 688 2256 propugnatore
737 2170 1054 2236 tutiorem
1100 2192 1199 2255 se,
1254 2172 1370 2236 sed
1416 2172 1733 2236 advocato
1783 2174 1898 2235 aut
1945 2170 2234 2253 adstipu-

192 2259 408 2325 latore
472 2258 873 2343 paratiorem
938 2258 1079 2323 fore
1134 2263 1416 2342 putaret.
1508 2259 1657 2345 Ego
1713 2260 1908 2324 istius
1965 2258 2232 2343 pecudis
2257 2268 2325 2317 19

195 2370 273 2413 ac
328 2346 598 2431 putidae
647 2347 860 2412 carnis
908 2347 1183 2412 consilio
1232 2348 1483 2412 scilicet
1530 2352 1643 2412 aut
1687 2347 2017 2431 praesidio
2064 2346 2234 2417 vole-

114 2446 166 2487 25
192 2436 353 2501 bam
396 2436 543 2520 niti,
590 2436 673 2501 ab
720 2435 846 2499 hoc
894 2435 1103 2500 eiecto
1152 2436 1460 2500 cadavere
1509 2437 1862 2520 quicquam
1908 2434 2073 2499 mihi
2120 2438 2236 2499 aut

196 2525 343 2610 opis
401 2528 518 2589 aut
576 2524 946 2589 ornamenti
1002 2524 1404 2607 expetebam.
1501 2522 1854 2589 Consulem
1911 2544 2034 2609 ego
2091 2526 2236 2587 tum

194 2614 621 2698 quaerebam,
696 2612 1059 2695 consulem,
1130 2612 1428 2695 inquam,
1499 2633 1636 2676 non
1697 2611 1886 2677 illum
1953 2611 2237 2695 quidem;

194 2723 395 2803 quem
438 2700 513 2765 in
553 2699 680 2767 hoc
728 2700 953 2765 maiali
997 2700 1290 2765 invenire
1325 2722 1461 2764 non
1496 2721 1777 2784 possem,
1826 2699 1940 2783 qui
1977 2702 2236 2763 tantam

192 2789 292 2854 rei
327 2789 631 2874 publicae
672 2810 937 2854 causam
974 2788 1302 2873 gravitate
1341 2792 1409 2852 et
1447 2788 1722 2853 consilio
1762 2809 1882 2853 suo
1921 2789 2237 2869 tueretur,

108 2888 165 2928 ⁸⁰
193 2878 311 2944 sed
377 2876 492 2962 qui
546 2881 886 2961 tamquam
942 2880 1213 2941 truncus
1268 2880 1466 2960 atque
1523 2875 1758 2960 stipeS,
1823 2875 1882 2940 si
1935 2874 2236 2939 stetisset

192 2967 393 3032 modo
402 3016 421 3050 ,
493 2970 721 3050 posset
793 2965 1116 3030 sustinere
1192 2968 1414 3029 tamen
1493 2965 1768 3029 titulum
1833 2962 2235 3027 consulatus.

169 3054 365 3121 ‘Cum
423 3054 598 3119 enim
652 3058 827 3119 esset
885 3054 1099 3118 omnis
1157 3075 1354 3118 causa
1397 3052 1516 3116 illa
1561 3075 1710 3117 mea
1755 3050 2118 3115 consularis
2167 3053 2234 3113 et

193 3143 557 3227 senatoria,
627 3142 871 3206 auxilio
936 3142 1101 3205 mihi
1169 3163 1334 3226 opus
1399 3139 1615 3205 fuerat
1680 3144 1748 3204 et
1813 3138 2100 3209 consulis
2166 3141 2238 3201 et

193 3237 496 3315 senatus3
554 3251 835 3313 quorum
890 3230 1173 3294 alterum
1227 3230 1432 3293 etiam
1487 3230 1570 3293 ad
1616 3227 1972 3312 perniciem
2018 3247 2235 3290 meam

112 3328 163 3368 ⁸⁶
193 3323 339 3385 erat
387 3341 429 3383 a
472 3318 663 3383 vobis
702 3318 1083 3385 consulibus
1121 3339 1524 3417 conversum,
1571 3316 1856 3381 alterum
1892 3314 1988 3377 rei
2023 3313 2237 3397 publi-

192 3430 309 3473 cae
347 3406 615 3493 penitus
654 3411 973 3492 ereptum.
1044 3404 1145 3471 Ac
1183 3409 1423 3489 tamen,
1461 3405 1520 3469 si
1559 3403 1910 3469 consilium
1947 3402 2236 3485 exquiris

189 3518 436 3581 meum,
478 3516 691 3579 neque
731 3516 854 3580 ego
895 3494 1256 3578 cessissem,
1304 3496 1372 3557 et
1409 3514 1512 3556 me
1550 3492 1698 3576 ipsa
1733 3514 1851 3555 suo
1893 3490 2238 3573 complexu
