2550 3875
297 66 316 83 *
361 122 493 186 512
626 120 706 175 IN
744 120 817 174 M.
858 116 1252 173 ANTONIUM
1290 114 1565 170 ORATIO
1603 111 2022 167 PHILIPPICA
2057 112 2152 166 XI.

365 306 513 349 cum
558 286 662 347 est
703 301 997 363 necesse,
1050 277 1488 363 periculosam
1535 276 1850 359 arbitror,
1901 275 2207 351 alteram,
2256 274 2407 357 quia

278 384 344 433 17
367 372 647 437 alienam
715 368 822 434 his
895 366 1305 451 temporibus
1380 364 1702 430 existimo.
1811 362 1987 428 Nam
2051 362 2407 427 extraordi-

364 458 624 524 narium
675 456 1023 542 imperium
1078 454 1392 539 populare
1448 457 1646 536 atque
1703 455 2049 519 ventosum
2106 454 2237 534 est,
2294 451 2407 514 mi-

364 547 540 612 nime
586 550 852 611 nostrae
901 543 1268 630 gravitatis,
1319 541 1586 606 minime
1633 540 1829 605 huius
1878 538 2144 604 ordinis.
2216 536 2405 603 Bello

365 634 767 700 Antiochino
816 652 1052 717 magno
1101 635 1170 696 et
1215 630 1405 717 gravi
1442 651 1590 694 cum
1625 627 1699 694 L.
1740 626 2031 712 Scipioni
2067 626 2408 711 provincia
2448 655 2467 693 ε

365 722 528 788 Asia
621 721 993 788 obvenisset
1073 740 1435 804 parumque
1526 718 1597 782 in
1678 738 1754 782 eo
1838 718 2185 800 putaretur
2268 736 2407 780 esse
2536 780 2538 807 ι

368 810 596 894 animi,
649 831 882 895 parum
943 807 1201 874 roboris
1267 811 1662 889 senatusque
1726 805 1809 869 ad
1868 804 2193 890 collegam
2249 804 2406 887 eiuS,
2537 808 2538 815 ’

368 897 438 965 O.
474 897 791 982 Laelium,
827 896 1006 961 illius
1046 894 1377 979 Sapientis
1413 898 1689 979 patrem,
1725 914 1807 957 ne
1858 892 2067 957 otium
2105 891 2408 975 deferret,

368 987 648 1052 surrexit
710 985 782 1050 P.
837 984 1215 1068 Africanus,
1272 982 1481 1047 frater
1534 981 1745 1046 maior
1797 913 1871 1045 fi
1929 979 2291 1065 Scipionis,
2344 984 2408 1045 et

366 1076 551 1140 illam
630 1073 1064 1160 ignominiam
1144 1094 1184 1136 a
1253 1070 1509 1135 familia
1580 1070 1965 1154 deprecatus
2040 1072 2142 1133 est
2219 1068 2407 1132 dixit
2431 1091 2472 1129 ιο

368 1185 492 1247 que
565 1165 633 1228 et
688 1163 759 1228 in
821 1160 1026 1225 fratre
1090 1181 1209 1225 suo
1272 1180 1595 1224 summam
1654 1158 1968 1223 virtutem
2026 1178 2168 1222 esse
2236 1178 2407 1221 sum-
2536 1166 2538 1249 ff

365 1272 672 1336 mumque
735 1248 1082 1315 consilium
1147 1269 1357 1330 neque
1424 1268 1492 1311 se
1559 1247 1621 1311 ei
1681 1246 1978 1331 legatum
2041 1245 2108 1309 id
2164 1245 2405 1309 aetatis
2536 1266 2538 1327 5

365 1340 576 1423 iisque
648 1338 844 1403 rebus
918 1336 1122 1422 gestis
1197 1334 1591 1400 defuturum.
1703 1333 1890 1410 Quod
1962 1355 2113 1399 cum
2178 1333 2261 1398 ab
2330 1355 2405 1399 eo
2537 1344 2538 1347 ’

367 1430 542 1493 esset
605 1426 884 1509 dictum,
945 1424 1113 1489 nihil
1167 1427 1269 1489 est
1323 1424 1402 1488 de
1460 1421 1785 1507 Scipionis
1839 1421 2177 1506 provincia
2231 1444 2405 1487 com-

365 1518 718 1598 mutatum,
799 1534 920 1579 nec
999 1511 1149 1597 plus
1228 1511 1818 1576 extraordinarium
1900 1510 2257 1594 imperium
2326 1510 2406 1574 ad
2431 1531 2523 1570 1⁵.

365 1602 432 1667 id
503 1602 752 1667 bellum
825 1600 1194 1686 quaesitum
1261 1621 1458 1684 quam
1522 1598 1649 1664 duo
1657 1599 1776 1664 bus
1842 1602 2035 1663 antea
2098 1598 2404 1663 maximis

365 1690 630 1755 Punicis
684 1689 906 1774 bellis,
961 1710 1124 1773 quae
1182 1710 1222 1752 a
1270 1687 1648 1752 consulibus
1704 1690 1821 1751 aut
1875 1708 1914 1750 a
1969 1686 2405 1752 dictatoribus

366 1782 556 1865 gesta
601 1781 669 1844 et
723 1777 1017 1843 confecta
1058 1780 1238 1859 sunt,
1296 1798 1491 1860 quam
1536 1774 1801 1859 Pyrrhi,
1845 1796 2039 1860 quam
2090 1773 2405 1859 Philippi,

367 1888 564 1953 quam
600 1870 755 1953 post
790 1865 1080 1932 Achaico
1117 1864 1311 1948 bello,
1350 1885 1546 1949 quam
1574 1862 1821 1928 Punico
1852 1862 2070 1947 tertio,
2108 1862 2192 1927 ad
2232 1864 2405 1948 quod

366 1977 499 2108 113⁰P
491 1955 1015 2110 gssffn‘zffnx?
1045 1953 1495 2107 {32:322ss
1515 1952 1778 2105 &5112ssss
1816 1951 2406 2106 i‘ssfissffloffiffi
2432 1974 2475 2011 ²⁰

309 2107 347 2170 8
369 2093 584 2198 vellet.
600 2067 798 2198 pCum
825 2095 1203 2196 A'ristonico
1233 2130 1481 2193 bellum
1509 2060 1870 2214 gerundurgn
1898 2126 2027 2192 fuit
2055 2126 2125 2192 P.
2146 2127 2403 2194 Licinio

287 2196 349 2243 ¹⁸
369 2219 442 2284 L.
499 2220 765 2286 Valerio
831 2218 1224 2284 consulibus.
1324 2217 1623 2302 Rogatus
1681 2221 1781 2281 est
1834 2217 2144 2301 populus,
2210 2239 2405 2301 quem

369 2307 435 2372 id
490 2308 738 2373 bellum
792 2327 1017 2392 gerere
1070 2307 1374 2390 placeret.
1468 2304 1741 2370 Crassus
1798 2305 2051 2388 consul,
2106 2305 2405 2389 pontifex

369 2394 716 2480 maximus,
778 2393 1014 2459 Flacco
1071 2394 1388 2479 collegae,
1450 2393 1699 2458 flamini
1752 2391 2071 2477 Martiali,
2126 2394 2405 2459 multam
2428 2412 2471 2451 εει

369 2483 562 2567 dixit,
617 2482 675 2547 si
729 2505 770 2547 a
819 2483 1022 2547 sacris
1069 2482 1501 2566 discessisset3
1558 2503 1753 2565 quam
1799 2482 2076 2545 multam
2121 2482 2405 2566 populus

370 2571 762 2653 [Romanus]
829 2570 1110 2654 remisit,
1163 2569 1461 2654 pontifici
1515 2573 1738 2634 tamen
1790 2569 2122 2633 flaminem
2173 2591 2406 2654 parere

370 2660 580 2726 iussit.
692 2657 818 2724 Sed
888 2681 970 2724 ne
1041 2662 1184 2723 tum
1249 2658 1510 2741 quidem
1572 2657 1853 2741 populus
1916 2656 2257 2722 Romanus
2324 2659 2408 2722 ad

368 2749 698 2850 privatum
761 2746 997 2811 detulit
1051 2746 1323 2829 bellum,
1388 2767 1783 2847 quamquam
1838 2749 1980 2810 erat
2035 2745 2409 2847 Africanus,

369 2834 1070 3010 ffigssnssssmssssoebffii
1093 2833 2207 3008 {ffisszsszffiffpssffssssssaraT
2241 2856 2409 2988 ἓξὲξ
2432 2851 2473 2890 ³⁰
2535 2963 2536 3014 ,

369 3017 588 3077 tamen
645 3011 858 3078 tribus
912 3011 1086 3077 solas
1133 3011 1306 3075 tulit.
1396 3010 1505 3074 Ita
1548 3010 1827 3094 populus
1874 3009 2210 3075 Romanus
2257 3032 2412 3076 con·
2535 3049 2536 3052 =

370 3101 498 3165 suli
534 3100 754 3184 potius
784 3097 1021 3166 Crasso
1057 3121 1252 3182 quam
1278 3099 1538 3182 privato
1567 3097 1877 3164 Africano
1906 3098 2152 3163 bellum
2181 3119 2411 3184 geren-

368 3188 523 3253 dum
561 3188 755 3252 dedit.
819 3187 919 3252 De
958 3185 1071 3254 Gn.
1110 3187 1384 3271 Pompei
1419 3186 1730 3271 imperiis,
1767 3186 2005 3251 summi
2041 3186 2167 3251 viri
2203 3191 2409 3271 atque

371 3275 1441 3428 aa„
1472 3275 2171 3340 urm

369 3450 666 3515 consules
714 3387 1128 3535 recusabgnt,
1175 3472 1322 3515 cum
1359 3386 1815 3537 LUPIliili'gpiis
1860 3385 2408 3538 {rldllizsxisiililbltlit
2532 3503 2534 3508 .
