2550 3875
311 195 445 260 438
582 194 662 249 IN
697 195 772 250 M.
810 194 1201 249 ANTONIUM
1238 194 1507 249 ORATIO
1546 194 1960 250 PHILIPPICA
1996 194 2064 250 V.

313 357 726 422 vocabamur.
859 354 986 420 Sed
1068 356 1427 440 querellam
1506 357 2014 440 praeteritorum
2097 357 2358 422 dierum

316 444 588 510 sustulit
625 444 836 509 oratio
875 445 1233 529 consulum,
1283 446 1395 528 qui
1431 443 1528 508 ita
1562 445 1769 510 locuti
1807 449 1978 528 sunt,
2021 448 2099 509 ut
2136 446 2357 531 magis

316 536 663 617 exoptatae
701 532 1034 597 Kalendae
1073 555 1269 616 quam
1309 554 1489 597 serae
1527 554 1668 597 esse
1705 533 2064 598 videantur.
2127 533 2356 617 Atque

314 625 394 686 ut
458 620 669 685 oratio
736 621 1076 686 consulum
1139 620 1429 685 animum
1493 643 1711 686 meum
1774 621 1982 685 erexit
2037 643 2356 705 spemque

319 708 548 772 attulit
602 729 734 773 non
788 708 983 773 modo
1036 707 1269 773 salutis
1317 709 1820 792 conservandae,
1873 731 2099 774 verum
2147 710 2356 774 etiam
2413 729 2438 769 5

317 795 661 898 dignitatis
706 796 1023 881 pristinae
1069 797 1552 881 reciperandae,
1608 797 1702 862 sic
1748 819 1853 862 me
1898 799 2356 899 perturbasset

318 884 458 949 eius
516 884 865 968 sententia,
922 885 1035 968 qui
1087 885 1340 970 primus
1397 889 1670 970 rogatus
1726 888 1854 969 est,
1907 885 2037 950 nisi
2092 890 2355 950 vestrae

264 991 297 1039 2
317 973 552 1036 virtuti
581 972 1114 1074 constantiaeque
1145 975 1554 1040 confiderem.
1617 973 1746 1039 Hic
1774 936 1948 1038 eriim
1977 973 2114 1038 dies
2141 975 2356 1058 vobis,

315 1065 539 1145 patres
588 1061 961 1146 conscripti,
1004 1061 1271 1145 inluxit,
1324 1062 1487 1126 haec
1531 1065 1828 1146 potestas
1876 1061 2028 1126 data
2073 1066 2202 1147 est,
2257 1065 2355 1145 1117,

318 1153 637 1233 quantum
663 1149 949 1233 virtutis,
987 1154 1305 1232 quantum
1334 1150 1758 1234 constantiae,
1788 1154 2107 1234 quantum
2136 1150 2354 1235 gravi·
2383 1169 2440 1207 ιο

315 1238 476 1302 tatis
532 1238 603 1301 in
645 1238 841 1302 huius
889 1237 1135 1302 ordinis
1182 1238 1456 1303 consilio
1503 1242 1702 1322 esset,
1757 1239 2002 1322 populo
2049 1238 2354 1303 Romano

316 1326 643 1391 declarare
671 1325 975 1410 possetis,
1034 1325 1512 1410 Recordamini,
1541 1325 1653 1410 qui
1681 1326 1818 1390 dies
1845 1327 2082 1391 nudius
2110 1327 2354 1392 tertius

316 1413 604 1478 decimus
667 1413 893 1498 fuerit,
959 1418 1243 1497 quantus
1309 1435 1661 1479 consensus
1716 1418 2037 1492 vestrum,
2102 1419 2356 1498 quanta

314 1501 524 1566 virtus
535 1552 553 1586 ,
627 1505 873 1585 quanta
946 1502 1340 1587 constantia,
1414 1507 1729 1586 quantam
1788 1503 1936 1566 sitis
2001 1525 2041 1566 a
2101 1503 2352 1587 populo

314 1588 613 1654 Romano
659 1589 943 1673 laudem,
990 1594 1304 1673 quantam
1349 1591 1657 1675 gloriam,
1704 1594 2017 1674 quantam
2061 1591 2354 1675 gratiam
2383 1613 2438 1653 15

208 1640 979 1762 (2)consecuti.Atq1ie
1024 1678 1141 1742 illo
1189 1678 1320 1759 die,
1373 1683 1596 1763 patres
1644 1679 2025 1763 conscripti,
2079 1699 2158 1743 ea
2203 1699 2354 1744 con-

313 1764 646 1850 stituistis,
690 1767 766 1830 ut
811 1766 999 1830 vobis
1046 1767 1179 1830 iam
1222 1729 1391 1832 nibil
1429 1766 1518 1831 sit
1551 1766 1884 1852 integrum
1919 1766 2049 1832 nisi
2086 1769 2201 1830 aut
2238 1767 2355 1832 ho-

261 1863 294 1912 3
314 1857 505 1919 nesta
561 1875 691 1939 pax
745 1858 860 1919 aut
914 1854 1162 1919 bellum
1212 1855 1670 1920 necessarium.
1770 1853 2008 1920 Pacem
2061 1855 2205 1920 vult
2259 1855 2353 1920 M.

314 1943 671 2027 Antonius3
718 1965 901 2007 arma
935 1943 1238 2043 deponat,
1274 1948 1483 2029 roget,
1520 1945 1918 2029 deprecetur.
1999 1943 2355 2009 Neminem

314 2032 689 2115 aequiorem
752 2031 1035 2116 reperiet
1099 2053 1296 2133 quam
1360 2054 1490 2117 me,
1556 2032 1686 2117 cui,
1751 2032 1904 2097 dum
1969 2052 2038 2097 se
2095 2032 2352 2098 civibus
2381 2057 2438 2097 20

311 2120 534 2272 ff?
558 2119 1074 2291 θζῗᾞῖἓὲθῖἵξ,
1054 2119 2354 2311 fffflussssssssmdfflzffissssztffissss

314 2295 442 2359 erit
512 2293 794 2361 fortasse
869 2295 1142 2381 aliquid,
1216 2298 1391 2379 quod
1456 2297 1722 2362 concedi
1780 2297 1996 2381 possit
2057 2298 2350 2382 roganti3

251 2376 294 2439 2
313 2383 571 2483 legatos
617 2404 771 2448 vero
819 2384 901 2446 ad
947 2404 1097 2449 eum
1141 2384 1424 2470 mittere,
1470 2385 1548 2449 de
1595 2406 1725 2469 quo
1773 2384 2237 2471 gravissimum
2278 2390 2352 2451 et

314 2470 801 2535 severissimum
835 2470 1149 2536 iudicium
1183 2472 1422 2537 nudius
1459 2473 1696 2538 tertius
1725 2473 2012 2539 decimus
2039 2472 2349 2559 feceritis,
2379 2497 2434 2538 25

311 2581 447 2625 non
499 2558 633 2623 iam
686 2558 979 2624 levitatis
1035 2563 1163 2643 est,
1228 2562 1368 2646 sed,
1431 2565 1534 2646 ut,
1589 2562 1764 2645 quod
1819 2562 2060 2647 sentio,
2115 2562 2350 2647 dicam,

313 2647 693 2712 dementiae.
785 2646 1081 2712 Primum
1126 2611 1322 2714 duces
1369 2671 1480 2714 eos
1518 2648 1921 2734 laudavistis,
1967 2650 2080 2734 qui
2116 2654 2351 2715 contra

312 2735 503 2800 illum
574 2735 822 2800 bellum
892 2736 1150 2820 privato
1224 2737 1501 2802 consilio
1576 2736 2043 2823 suscepissent,
2115 2738 2348 2803 deinde

313 2824 559 2888 milites
618 2828 989 2907 veteranos,
1054 2825 1167 2908 qui
1222 2846 1370 2890 cum
1435 2826 1515 2890 ab
1571 2824 1865 2891 Antonio
1927 2826 2000 2891 in
2052 2826 2347 2891 colonias

314 2915 534 2976 essent
561 2911 837 2995 deducti,
866 2911 1043 2975 1111115
1070 2912 1387 2978 beneficio
1415 2914 1793 2978 libertatem
1812 2914 2039 2998 populi
2062 2914 2348 2979 Romani
2377 2939 2432 2979 so

254 3010 295 3058 4
315 3004 845 3084 anteposuerunt.
928 2998 1143 3075 Quid?
1188 3000 1364 3086 legio
1403 3000 1661 3086 Martia,
1708 3002 1909 3085 quid?
1959 3006 2194 3085 quarta
2231 3024 2348 3068 cur

312 3087 661 3152 laudatur?
754 3085 827 3153 Si
872 3088 1046 3151 enim
1093 3090 1427 3190 consulem
1473 3111 1664 3155 suum
1709 3090 2135 3174 reliquerunt,
2179 3090 2350 3155 vitu-

310 3175 633 3259 perandae
673 3179 845 3259 sunt,
882 3175 939 3239 51
966 3175 1306 3241 immicum
1333 3176 1429 3241 rei
1456 3177 1773 3263 publicae,
1810 3178 1950 3243 iure
1978 3178 2349 3243 laudantur.

311 3261 539 3347 Atqui,
585 3284 735 3328 cum
780 3264 1079 3327 consules
1114 3264 1403 3328 nondum
1439 3265 1790 3350 haberetis,
1836 3264 2235 3351 decrevistis,
2270 3272 2350 3331 ut

314 3354 381 3413 et
425 3350 503 3414 de
548 3349 859 3434 praemiis
904 3351 1193 3416 militum
1236 3355 1306 3415 et
1350 3352 1428 3415 de
1473 3352 1836 3419 honoribus
1871 3353 2348 3438 imperatorum
2375 3380 2429 3421 ss

312 3436 526 3517 primo
606 3458 865 3521 quoque
950 3442 1245 3522 tempore
1329 3438 1702 3507 referretur.
1816 3441 2047 3508 Placet
2119 3443 2348 3508 eodem

313 3525 607 3605 tempore
652 3524 944 3608 praemia
981 3526 1380 3591 constituere
1418 3527 1533 3607 515,
1570 3528 1684 3613 qui
1720 3534 1954 3595 contra
1979 3530 2348 3597 Antonium
