2550 3875
928 210 1084 266 CAP.
1125 215 1153 263 1
1192 214 1222 275 s
1263 216 1417 265 1—3.
2057 210 2187 275 321

187 368 436 435 sequente
492 366 718 421 demum
773 382 920 420 anno
975 366 1084 421 iter
1127 366 1368 421 Romam
1420 366 1669 435 paravit,
1726 383 1836 436 quo
1880 366 1942 421 in
1985 366 2193 421 itinere

186 453 300 491 cum
341 436 596 491 Piraeum
639 435 914 506 venisset,
963 455 999 492 a
1043 437 1104 493 Ρ.
1148 437 1246 491 Ma
1308 452 1343 492 o
1390 436 1585 493 Cilone
1630 436 1963 493 interfectus
2017 439 2191 519 atque

187 524 219 561 a
251 507 357 562 Ser.
394 506 642 577 Sulpicio
680 507 855 577 Rufo,
893 506 992 576 qui
1030 506 1150 562 eius
1188 524 1253 562 co
1279 508 1412 579 lega
1447 507 1509 563 in
1544 508 1844 563 consulatu
1880 508 2091 577 fuerat,
2128 507 2193 561 in

183 578 460 647 gymnasio
495 549 855 634 Academico
874 578 1126 648 sepultus
1164 581 1268 635 est.

301 984 611 1049 Diuturni
657 984 932 1070 silentii,
985 988 1206 1069 patres
1253 985 1634 1071 conscripti,
1686 1007 1814 1071 quo
1861 1007 2041 1051 eram
2083 957 2247 1092 his}

177 1073 575 1157 temporibus
609 1094 768 1138 usus
803 1094 940 1138 non
974 1073 1209 1138 timore
1247 1073 1489 1160 aliquo,
1524 1074 1640 1139 sed
1672 1074 1917 1158 partim
1950 1074 2190 1159 dolore,

175 1161 411 1245 partim
456 1160 858 1246 verecundia,
903 1161 1100 1226 finem
1143 1161 1497 1227 hodiernus
1543 1161 1679 1227 dies
1724 1162 1953 1226 attulit
1994 1161 2191 1225 idem-

176 1270 296 1333 que
320 1248 600 1334 initium,
630 1271 793 1334 quae
822 1250 1057 1314 vellem
1078 1271 1369 1334 quaeque
1390 1250 1716 1333 sentirem,
1744 1271 1888 1315 meo
1907 1249 2187 1333 pristino

109 1368 142 1409 ⁶
172 1358 349 1402 more
393 1338 664 1403 dicendi.
746 1337 1025 1401 Tantam
1072 1338 1245 1402 enim
1291 1337 1871 1423 mansuetudinem,
1915 1341 2056 1402 tam
2096 1337 2190 1402 in-

171 1425 484 1491 usitatam
526 1426 1012 1511 inauditamque
1059 1425 1487 1511 clementiam,
1531 1430 1792 1491 tantum
1826 1426 1898 1491 in
1935 1446 2190 1490 summa

170 1517 499 1598 potestate
564 1535 782 1578 rerum
845 1514 1135 1578 omnium
1197 1514 1489 1599 modum,
1556 1518 1695 1580 tam
1757 1514 2031 1598 denique
2095 1514 2190 1578 in-

171 1602 546 1668 credibilem
578 1601 963 1685 sapientiam
992 1623 1066 1667 ac
1093 1623 1298 1685 paene
1326 1602 1609 1667 divinam
1634 1603 1877 1668 tacitus
1904 1605 2189 1686 praeter-

168 1691 266 1755 ire
328 1690 508 1755 nullo
573 1689 765 1754 modo
824 1711 1110 1774 possum.
1217 1688 1307 1754 M.
1370 1690 1543 1754 enim
1606 1690 1917 1756 Marcello
1982 1690 2188 1775 vobis,
2208 1704 2240 1753 2

67 1811 136 1853 ,ο
168 1781 389 1863 patres
445 1778 824 1862 conscripti,
887 1778 1107 1863 reique
1161 1778 1461 1862 publicae
1512 1778 1766 1843 reddito
1820 1800 1954 1843 non
2008 1779 2187 1844 illius

168 1867 410 1953 solum,
475 1866 587 1931 sed
649 1866 850 1931 etiam
911 1887 1126 1930 meam
1187 1888 1414 1931 vocem
1476 1869 1543 1930 et
1602 1866 2064 1931 auctoritatem
2120 1871 2189 1931 et

164 1956 356 2022 vobis
401 1959 470 2020 et
513 1955 608 2020 rei
651 1955 947 2040 publicae
995 1959 1443 2020 conservatam
1484 1977 1559 2020 ac
1595 1955 1972 2020 restitutam
2006 1958 2187 2038 puto,

161 2045 492 2110 Dolebam
510 2043 701 2128 enim,
727 2047 946 2128 patres
967 2043 1341 2129 conscripti,
1364 2047 1431 2107 et
1457 2043 1872 2108 vehementer
1901 2044 2188 2128 angebar

161 2134 381 2198 virum
427 2132 646 2216 talem,
693 2153 841 2196 cum
883 2131 955 2197 in
998 2132 1224 2196 eadem
1269 2153 1465 2197 causa
1503 2131 1574 2195 in
1610 2153 1738 2215 qua
1775 2151 1897 2217 ego
1934 2131 2189 2216 fuisset,

55 2253 124 2296 15
161 2243 302 2286 ιιοιι
327 2221 400 2285 ιιι
427 2222 651 2286 eadem
679 2241 819 2285 esse
855 2219 1122 2285 fortuna
1145 2242 1266 2285 nec
1295 2220 1457 2284 mihi
1486 2220 1872 2304 persuadere
1890 2223 2189 2304 poteram

159 2330 287 2373 nec
332 2308 434 2372 fas
477 2329 616 2372 esse
655 2307 968 2373 ducebam
1004 2308 1249 2372 versari
1287 2330 1390 2373 me
1427 2308 1499 2372 ιιι
1530 2311 1759 2372 nostro
1796 2311 2014 2373 vetere
2052 2330 2189 2373 cur-

160 2396 376 2461 riculo
405 2395 521 2460 illo
551 2397 806 2460 aemulo
836 2399 1031 2480 atque
1058 2395 1389 2461 imitatore
1410 2396 1775 2461 studiorum
1794 2418 1871 2461 ac
1888 2397 2190 2461 laborum

158 2505 463 2549 meorum
502 2482 687 2568 quasi
725 2483 1007 2568 quodam
1043 2485 1218 2550 socio
1258 2506 1299 2548 a
1335 2506 1439 2549 me
1476 2488 1545 2549 et
1580 2484 1819 2550 comite
1854 2485 2189 2550 distracto,

154 2574 351 2659 Ergo
425 2577 492 2636 et
554 2572 718 2636 mihi
781 2593 961 2636 meae
1024 2573 1339 2656 pristinae
1401 2572 1576 2637 vitae
1642 2574 2190 2657 consuetudinem,

51 2697 116 2738 20
157 2661 233 2728 O.
295 2659 538 2726 Caesar
545 2711 564 2745 ,
624 2661 1048 2725 interclusam
1101 2660 1416 2745 aperuisti
1469 2665 1537 2726 et
1588 2661 1694 2725 his
1752 2661 2053 2726 omnibus
2108 2661 2189 2724 ad

151 2752 334 2815 bene
391 2750 468 2814 de
535 2749 713 2813 omni
776 2770 847 2813 re
908 2747 1174 2832 publica
1236 2749 1626 2849 sperandum
1685 2749 1873 2833 quasi
1928 2749 2191 2833 signum

153 2838 437 2922 aliquod
483 2837 828 2902 sustulisti.
909 2836 1327 2902 Intellectum
1374 2841 1475 2902 est
1516 2836 1690 2902 enim
1728 2837 1891 2901 mihi
1928 2837 2187 2920 quidem
2209 2849 2241 2898 3

147 2927 232 2991 ιιι
301 2925 532 2991 multis
597 2929 664 2991 et
727 2947 1028 2990 maxume
1091 2926 1162 2989 ιιι
1221 2947 1325 2990 me
1385 2925 1557 3010 ip80,
1621 2926 1735 2990 sed
1786 2924 1981 3009 paulo
2039 2928 2190 2988 ante

153 3015 292 3096 [in]
328 3015 649 3098 omnibuS,
678 3036 826 3079 cum
844 3014 931 3078 M.
947 3014 1329 3079 Marcellum
1358 3013 1614 3078 senatui
1640 3013 1861 3096 reique
1890 3012 2190 3097 publicae

51 3138 100 3179 ‚5
145 3103 556 3169 concessisti
601 3103 1126 3168 commemoratis
1171 3103 1557 3187 praesertim
1594 3101 2077 3185 offensionibus,
2124 3105 2190 3165 te

141 3192 634 3258 auctoritatem
676 3191 872 3256 huius
919 3191 1163 3256 ordinis
1209 3191 1724 3276 dignitatemque
1761 3190 1855 3255 rei
1890 3190 2191 3274 publicae

135 3279 296 3346 tuis
365 3280 470 3345 vel
535 3278 870 3344 doloribus
933 3280 1034 3343 vel
1100 3279 1580 3363 suspicionibus
1636 3278 1976 3344 anteferre.
2067 3278 2190 3343 Ille

135 3369 434 3454 quidem
487 3365 774 3432 fructum
825 3367 1034 3432 omnis
1082 3372 1230 3432 ante
1278 3371 1461 3432 actae
1508 3368 1680 3432 vitae
1725 3366 2039 3433 hodierno
2087 3367 2190 3432 die

131 3478 547 3524 maxumum
600 3455 774 3540 cepit
827 3477 974 3521 cum
1029 3478 1282 3521 summo
1339 3477 1658 3521 consensu
1712 3460 2002 3541 senatus,
2047 3461 2191 3522 tum

51 3581 88 3620 0
132 3546 410 3613 iudicio
457 3549 574 3609 tuo
621 3544 1026 3628 gravissumo
1075 3549 1141 3608 et
1181 3566 1504 3610 maxumo
1584 3544 1689 3610 Ex
1726 3567 1855 3630 quo
1892 3545 2187 3631 profecto

268 3658 388 3699 010.
416 3659 466 3698 ιι
509 3659 546 3700 s.
1810 3655 1878 3704 21
