2550 3875
738 183 892 237 GAP.
929 189 1142 239 27—28
1177 190 1210 250 ς
1249 190 1477 241 73—78.
1704 186 1707 188 “
1986 184 2117 248 309

108 346 235 409 iam
283 349 348 409 et
397 345 887 429 impendebam,
943 368 1228 430 quonam
1274 346 1467 412 modo
1516 369 1592 411 ea
1638 349 1754 412 aut
1798 345 2117 430 depellere

106 433 473 518 potuissetis
529 437 645 497 aut
687 432 904 498 ferre?
1004 431 1363 519 Imperium
1406 435 1518 499 1110
1566 436 1622 499 si
1665 438 1899 499 nactus
1945 440 2119 500 esset

107 557 192 570 -
235 522 461 586 omitto
509 522 751 605 socios,
797 525 1050 586 exteras
1095 523 1422 607 nationes,
1467 543 1682 607 reges,
1728 524 2119 608 tetrarchas3

104 611 254 676 vota
309 610 480 673 enim
533 608 866 695 faceretis,
928 614 1007 674 ut
1059 610 1129 674 in
1185 632 1298 675 eos
1354 632 1423 675 se
1477 612 1701 696 potius
1755 612 2120 676 inmitteret

61 714 292 783 ⁵quam
346 698 417 763 in
474 702 726 763 vestras
779 698 1254 782 possessiones,
1325 702 1545 764 vestra
1599 703 1802 784 tecta,
1865 704 2117 765 vestras

99 786 394 872 pecunias
432 822 520 833 —
555 786 864 872 pecunias
903 786 1078 871 dico;
1122 809 1161 851 a
1195 787 1423 851 liberis
1460 787 1710 852 medius
1746 787 1939 853 fidius
1976 791 2043 853 et
2080 810 2119 852 a

101 874 480 961 coniugibus
535 874 776 940 vestris
819 896 1177 959 numquam
1223 875 1337 939 ille
1384 875 1729 940 effrenatas
1778 897 1928 941 suas
1973 876 2118 940 libi-

99 964 276 1027 dines
329 962 752 1028 cohibuisset.
850 962 1048 1048 Fingi
1105 962 1266 1028 haec
1320 964 1598 1047 putatis,
1654 986 1818 1048 quae
1871 968 2118 1047 patent,

101 1072 263 1134 quae
322 1054 482 1115 nota
545 1055 701 1115 sunt
755 1052 1084 1134 omnibus,
1158 1072 1322 1135 quae
1378 1054 1710 1136 tenentur,
1784 1073 2117 1116 servorum

61 1160 70 1193 ν
99 1138 412 1205 exercitus
450 1138 638 1203 illum
673 1138 745 1202 in
779 1140 940 1203 urbe
979 1139 1501 1223 conscripturum
1536 1139 1755 1224 fuisse,
1800 1162 1918 1224 per
1954 1161 2118 1223 quos

97 1231 306 1292 totam
358 1248 498 1291 rem
550 1226 883 1310 publicam
937 1249 1168 1328 resque
1223 1227 1515 1312 privatas
1572 1228 1863 1293 omnium
1912 1228 2119 1312 possi-

97 1315 320 1380 deret?
412 1314 624 1391 Quam
678 1316 762 1380 ob
817 1337 983 1399 rem,
1039 1316 1097 1380 si
1153 1320 1495 1381 cruentum
1552 1316 1843 1402 gladium
1887 1320 2117 1382 tenens
2138 1333 2202 1383 77

95 1403 408 1469 clamaret
460 1402 533 1467 Τ.
587 1402 870 1467 Annius:
937 1403 1232 1488 ‘Adeste,
1298 1425 1569 1489 quaese,
1628 1408 1824 1488 atque
1882 1403 2121 1488 audite,

94 1493 296 1557 cives!
388 1490 459 1555 P.
497 1488 800 1556 Clodium
843 1490 1160 1577 interfeci,
1206 1492 1345 1557 eius
1390 1491 1663 1576 furores,
1710 1514 1874 1576 quos
1918 1491 2115 1556 nullis

92 1582 226 1644 iam
287 1579 572 1664 legibus,
633 1578 832 1643 nullis
895 1543 1160 1644 iudiciis²
1206 1579 1463 1645 frenare
1517 1584 1923 1664 poteramus,
1991 1580 2117 1645 hoc

89 1669 268 1733 ferro
317 1671 384 1731 et
427 1667 551 1731 hac
597 1666 862 1731 dextera
909 1688 948 1731 a
993 1668 1352 1733 cervicibus
1395 1669 1633 1733 vestris
1679 1632 1953 1752 reppuli,
2001 1690 2118 1753 per

89 1778 199 1821 me
243 1759 322 1820 ut
365 1777 568 1819 unum
614 1755 746 1840 ius,
793 1756 1107 1841 aequitas,
1152 1756 1352 1841 leges,
1397 1757 1689 1841 libertas,
1734 1756 1962 1839 pudor,
2006 1779 2119 1839 pu-

88 1844 320 1909 dicitia
392 1844 463 1907 in
536 1843 801 1909 civitate
866 1844 1212 1909 maneret':
1286 1848 1463 1909 esset
1522 1866 1676 1908 vero
1741 1844 2121 1927 timendum,

90 1955 380 2018 quonam
426 1931 621 1998 modo
665 1931 735 1996 id
778 1930 981 1998 ferret
1026 1933 1276 1998 civitas.
1368 1931 1431 1996 N
1434 1955 1559 1997 unc
1606 1932 1780 1996 enim
1818 1931 1964 2016 quis
2001 1936 2120 2016 est,

85 2022 204 2107 qui
247 2043 384 2086 non
427 2021 692 2105 probet,
747 2022 860 2105 qui
903 2044 1038 2087 non
1081 2022 1330 2106 laudet,
1386 2022 1500 2105 qui
1543 2043 1677 2085 non
1720 2042 1923 2085 unum
1966 2025 2121 2104 post

79 2110 432 2176 hominum
468 2110 852 2174 memoriam
878 2109 950 2174 T.
979 2110 1269 2174 Annium
1306 2110 1663 2192 plurimum
1694 2109 1790 2173 rei
1816 2108 2119 2193 publicae

78 2198 436 2284 profuisse,
465 2198 750 2262 maxima
776 2197 1032 2262 laetitia
1058 2198 1378 2282 populum
1402 2197 1790 2280 Romanum,
1818 2201 2119 2262 cunctam

78 2286 384 2369 Italiam,
427 2286 728 2350 nationes
775 2307 999 2350 omnes
1046 2285 1337 2350 affecisse
1385 2289 1453 2350 et
1496 2285 1673 2350 dicat
1718 2289 1786 2349 et
1831 2285 2119 2350 sentiat?

77 2373 154 2441 N
157 2396 248 2439 on
303 2395 495 2457 queo,
548 2377 770 2438 vetera
823 2374 940 2437 illa
991 2374 1220 2458 populi
1263 2373 1544 2438 Romani
1592 2372 1830 2458 gaudia
1875 2377 2121 2457 quanta

75 2462 357 2546 fuerint,
401 2460 712 2546 iudicare;
755 2462 998 2526 multas
1044 2465 1266 2527 tamen
1308 2462 1442 2526 iam
1480 2483 1882 2526 summorum
1918 2461 2119 2545 impe-

74 2555 392 2617 rator-um
419 2550 814 2615 clarissimas
841 2549 1150 2614 victorias
1180 2552 1359 2614 aetas
1387 2554 1617 2614 nostra
1632 2549 1815 2626 vidit,
1844 2571 2119 2632 quarum

69 2640 274 2706 nulla
357 2659 566 2722 neque
647 2642 788 2702 tam
868 2637 1242 2701 diuturnam
1312 2638 1539 2701 attulit
1606 2636 1929 2701 laetitiam
1999 2659 2117 2701 nec

69 2731 367 2794 tantam.
485 2724 792 2790 Mandate
873 2724 1000 2790 hoc
1073 2725 1451 2810 memoriae,
1530 2725 1795 2790 iudices.
1914 2722 2120 2808 Spero
2141 2742 2207 2792 ‘18

69 2815 304 2882 multa
351 2835 468 2879 vos
513 2813 885 2898 liberosque
931 2817 1184 2878 vestros
1230 2813 1302 2878 111
1344 2835 1415 2878 re
1457 2813 1723 2897 publica
1766 2812 1941 2877 bona
1978 2833 2118 2876 esse

69 2904 380 2986 visuros3
424 2902 496 2966 in
537 2902 620 2966 iis
669 2901 946 2988 singulis
990 2902 1088 2967 ita
1133 2922 1390 3002 semper
1435 2900 1925 2984 existimabitis,
1969 2899 2117 2964 vivo

65 2993 154 3058 P.
211 2988 450 3056 Clodio
505 2990 670 3055 nihil
726 3012 952 3056 eorum
1004 3011 1122 3054 vos
1178 2989 1435 3054 visuros
1490 2988 1709 3053 fuisse.
1800 2987 1882 3051 In
1936 3009 2120 3070 spem

63 3078 449 3146 maximam
512 3082 605 3162 et,
671 3100 864 3162 quem
918 3078 999 3142 ad
1054 3078 1321 3142 modum
1375 3077 1658 3161 confido,
1710 3076 2119 3140 verissimam

63 3189 320 3236 sumus
378 3166 640 3232 adducti
691 3167 865 3232 hunc
919 3167 1136 3249 ipsum
1189 3188 1430 3230 annum
1482 3164 1608 3230 hoc
1661 3165 1807 3248 ipso
1865 3186 2119 3228 summo

61 3259 228 3324 viro
291 3255 589 3320 consule
607 3275 978 3338 compressa
1022 3253 1362 3318 hominum
1406 3253 1698 3336 licentia,
1753 3252 2120 3335 cupiditati-

61 3349 207 3412 bus
268 3343 532 3426 fractiS,
583 3342 843 3426 legibus
898 3345 966 3406 et
1018 3342 1276 3406 iudiciis
1332 3341 1711 3406 constitutis
1768 3340 2121 3404 salutarem

61 3431 356 3500 civitati
407 3429 566 3494 fore.
656 3428 835 3493 Num
888 3429 1035 3513 quis
1081 3434 1184 3494 est
1226 3430 1435 3514 igitur
1480 3433 1619 3493 tam
1666 3428 1954 3513 demenS,
2010 3429 2121 3512 qui

61 3525 207 3587 hoc
280 3517 359 3583 P.
415 3516 645 3586 Clodio
708 3517 858 3583 vivo
923 3518 1301 3603 contingere
1363 3518 1658 3602 potuisse
1722 3517 2121 3582 arbitretur?
