2550 3875
335 232 466 295 532
602 231 680 285 IN
719 229 792 284 M.
833 228 1220 284 ANTONIUM
1258 229 1533 284 ORATIO
1571 228 1976 283 PHILIPPICA
2010 229 2133 283 XII.

339 392 620 469 Quinam
666 392 849 457 locus
898 392 1236 475 capietur?
1330 389 1400 455 Si
1448 395 1634 455 extra
1681 396 1914 473 castra,
1962 392 2167 455 ceteri
2203 392 2373 455 vide·

340 484 505 565 rint3
552 501 674 565 ego
723 502 827 545 me
863 480 974 545 vix
1011 484 1228 544 tutum
1265 478 1561 543 futurum
1599 484 1779 563 puto,
1870 478 2046 545 Novi
2082 479 2372 544 hominis

337 570 642 653 furorem,
686 568 841 632 novi
889 568 1269 635 effrenatam
1316 568 1713 633 violentiam.
1807 565 2007 634 Cuius
2045 568 2373 633 acerbitas

337 678 594 722 morum
630 657 1112 740 inmanitasque
1147 659 1421 721 naturae
1458 678 1539 720 ne
1577 656 1727 720 vino
1758 656 2021 739 quidem
2046 657 2377 740 permixta

339 745 689 829 temperari
737 744 934 829 solet,
978 744 1087 809 hic
1132 745 1232 809 ira
1278 744 1730 828 dementiaque
1776 744 2222 810 inflammatus
2272 746 2376 809 ad·
2430 771 2457 811 ⁵

337 834 554 898 hibito
600 832 804 897 fratre
850 832 1082 915 Luci0,
1137 832 1517 897 taeterrima
1559 833 1780 915 belua,
1824 854 2185 916 numquam
2228 855 2377 917 pro-

339 922 514 986 fecto
561 944 601 987 a
647 944 750 987 me
799 922 1152 1007 sacrilegas
1197 942 1429 985 manus
1478 924 1675 1003 atque
1720 921 1957 1005 impias
1995 922 2376 986 abstinebit.

253 1014 318 1065 2⁷
342 1009 614 1075 Memini
670 1009 998 1093 colloquia
1052 1014 1120 1073 et
1176 1031 1325 1074 cum
1380 1008 1713 1073 acerrimis
1758 1009 2061 1074 hostibus
2109 1014 2178 1073 et
2225 1031 2377 1074 cum

341 1097 724 1185 gravissime
763 1098 1228 1162 dissidentibus
1268 1097 1537 1164 civibus.
1620 1096 1733 1163 On.
1772 1096 2141 1180 Pompeius,
2192 1096 2377 1163 Sexti

339 1187 542 1271 filius,
598 1187 825 1252 consul
881 1208 984 1254 me
1038 1190 1410 1269 praesente,
1466 1207 1615 1250 cum
1670 1207 1879 1250 essem
1935 1186 2065 1249 tiro
2116 1186 2191 1250 in
2236 1186 2377 1251 eius
2406 1211 2459 1250 ιο

342 1275 658 1359 exercitu,
734 1297 883 1340 cum
947 1273 1020 1338 P.
1082 1273 1315 1338 Vettio
1382 1271 1689 1358 Scatone,
1763 1274 1923 1339 duce
1987 1273 2379 1358 Marsorum,

342 1364 514 1429 inter
571 1363 728 1429 bina
774 1366 990 1430 castra
1036 1362 1401 1427 collocutus
1446 1366 1575 1446 est3
1622 1384 1751 1445 quo
1799 1362 2059 1445 quidem
2106 1363 2381 1427 memini

279 1500 284 1505 -
345 1451 488 1516 Sex.
517 1450 920 1536 Pompeium,
956 1449 1230 1515 fratrem
1269 1450 1573 1532 consuIiS,
1612 1451 1693 1515 ad
1732 1449 2131 1533 colloquium
2159 1451 2381 1533 ipsum

342 1540 557 1604 Roma
601 1540 838 1623 venire,
885 1538 1150 1603 doctum
1197 1538 1409 1603 virum
1456 1542 1653 1621 atque
1696 1539 2073 1623 sapientem.
2168 1537 2379 1615 Quem

343 1650 493 1692 cum
549 1625 746 1691 Scato
814 1627 1194 1709 salutasset,
1258 1625 1491 1701 ‘Quem
1556 1630 1623 1692 te
1686 1624 2075 1710 appellemP’
2142 1627 2379 1710 inquit.
2409 1652 2459 1691 ιε

341 1715 436 1779 At
506 1715 644 1779 ille:
719 1714 1103 1779 ‘Voluntate
1176 1714 1533 1797 hospitem,
1604 1715 1997 1779 necessitate
2069 1714 2379 1782 hostem?

342 1804 509 1867 Erat
572 1804 642 1868 in
695 1804 810 1867 illo
869 1802 1196 1886 colloquio
1253 1804 1578 1886 aequitas;
1629 1803 1850 1867 nullus
1906 1803 2133 1887 timor,
2197 1804 2383 1868 nulla

345 1893 613 1958 suberat
669 1892 982 1976 suspicio,
1035 1891 1359 1959 mediocre
1415 1890 1617 1956 etiam
1674 1891 1911 1956 odium.
2002 1889 2157 1957 Non
2204 1892 2383 1957 enim

344 1985 420 2046 ut
466 1981 798 2065 eriperent.
834 1981 1028 2050 nobis
1071 1981 1233 2046 socii
1272 1979 1625 2064 civitatem,
1670 1981 1785 2044 sed
1820 1985 1896 2044 ut
1930 1980 2002 2045 in
2040 2002 2186 2045 eam
2224 1981 2383 2045 reci·
2534 1961 2536 2066 ἱ

343 2074 679 2154 perentur,
732 2070 1063 2153 petebant.
1157 2066 1341 2134 Sulla
1396 2091 1543 2132 cum
1600 2066 1904 2152 Scipione
1958 2069 2131 2132 inter
2188 2067 2385 2134 Cales
2412 2093 2461 2133 ιο
2535 2071 2536 2089 ’

345 2163 414 2222 et
458 2157 775 2241 Teanum,
833 2179 978 2222 cum
1035 2157 1202 2222 alter
1255 2156 1628 2221 nobilitatis
1682 2157 1937 2241 florem,
1994 2157 2161 2221 alter
2221 2157 2383 2221 belli

346 2245 559 2310 socios
599 2245 1022 2327 adhibuisset,
1060 2245 1137 2308 de
1177 2245 1571 2310 auctoritate
1608 2249 1893 2327 senatus,
1929 2245 2009 2309 de
2047 2245 2383 2330 suffragiis

344 2332 596 2417 populi,
655 2334 732 2397 de
789 2336 927 2397 iure
976 2332 1263 2396 civitatis
1313 2337 1583 2418 agentes
1630 2333 1803 2397 inter
1850 2355 1919 2398 se
1966 2334 2384 2399 condiciones

347 2422 781 2485 contulerunt.
890 2419 1042 2484 Non
1115 2421 1337 2498 tenuit,
1404 2421 1667 2487 omnino
1740 2421 2143 2505 colloquium
2217 2422 2386 2486 illud

247 2507 327 2570 12
347 2510 570 2594 fidem,
641 2531 683 2572 a
745 2507 809 2572 vi
875 2512 1093 2572 tamen
1158 2509 1577 2593 periculoque
1644 2508 1827 2574 afuit.
1935 2508 2383 2576 Possumusne
2412 2533 2459 2574 25

346 2598 553 2684 igitur
616 2597 684 2662 in
749 2596 1000 2661 Antoni
1063 2597 1410 2662 latrocinio
1478 2619 1679 2681 aeque
1744 2619 1884 2662 esse
1948 2598 2125 2662 tuti?
2227 2597 2386 2662 Non

347 2707 724 2769 possumus,
790 2690 934 2768 aut,
999 2685 1057 2749 si
1111 2685 1311 2750 ceteri
1365 2690 1670 2770 possunt,
1727 2708 1831 2751 me
1887 2707 2079 2770 posse
2136 2685 2383 2750 diffido.

259 2781 324 2829 28
349 2771 595 2848 Quodsi
638 2794 771 2838 non
818 2778 1003 2837 extra
1050 2777 1266 2838 castra
1308 2774 1817 2858 congrediemur,
1863 2796 2029 2857 quae
2067 2774 2149 2838 ad
2186 2774 2386 2840 collo-

348 2863 573 2944 quium
639 2865 857 2925 castra
923 2861 1308 2925 sumentur?
1413 2861 1493 2926 In
1555 2865 1785 2926 nostra
1848 2861 1958 2926 ille
2022 2884 2387 2946 numquam

347 2949 592 3031 veniet,
649 2950 857 3013 multo
905 2949 1120 3013 minus
1165 2971 1288 3014 nos
1336 2949 1403 3014 in
1448 2951 1643 3014 illius.
1734 2948 2086 3033 Reliquum
2134 2954 2264 3033 est,
2309 2955 2389 3015 ut
2414 2975 2458 3015 ω

349 3042 414 3100 et
481 3037 887 3120 accipiantur
942 3041 1010 3101 et
1064 3038 1489 3104 remittantur
1542 3039 1881 3123 postulata
1932 3059 2051 3122 per
2104 3039 2387 3103 litteras.

347 3125 528 3209 Ergo
605 3125 845 3189 erimus
915 3125 986 3189 in
1050 3127 1315 3208 castriS,
1386 3148 1657 3209 meaque
1731 3126 1813 3190 ad
1878 3127 2098 3190 omnia
2161 3129 2391 3210 postu·

348 3213 486 3276 lata
539 3234 668 3277 una
724 3213 1076 3296 sententia3
1133 3235 1328 3296 quam
1386 3236 1533 3278 cum
1578 3214 1685 3280 hic
1730 3214 1921 3279 vobis
1967 3215 2389 3279 audientibus

350 3300 602 3383 dixero,
656 3300 786 3364 isse
843 3304 912 3364 et
965 3300 1208 3366 redisse
1255 3323 1359 3364 me
1406 3306 1737 3388 putatote3
1790 3302 2190 3388 legationem
2238 3325 2391 3370 con·

349 3386 582 3451 fecero.
683 3386 922 3452 Omnia
985 3388 1065 3451 ad
1131 3395 1429 3455 senatum
1499 3411 1645 3454 mea
1708 3391 2037 3454 sententia
2099 3391 2391 3473 reiciam,
2419 3414 2461 3456 ss

353 3493 794 3556 quaecumque
847 3476 1216 3559 postulabit
1269 3476 1616 3548 Antonius,
1714 3476 1946 3561 Neque
2002 3479 2175 3544 enim
2230 3479 2393 3544 licet

353 3558 570 3642 aliter,
622 3582 832 3642 neque
878 3564 1272 3645 permissum
1320 3568 1421 3628 est
1464 3565 1655 3630 nobis
1703 3567 1785 3630 ab
1832 3566 1961 3632 hoc
2006 3566 2257 3649 ordine,
2312 3572 2394 3632 ut
