2550 3875
621 667 714 742 M.
771 665 1061 738 TULLI
1117 663 1623 738 CICERONIS
1678 663 2030 738 ORATIO

675 830 883 914 PRO
923 830 1030 913 M.
1064 827 1509 913 AEMILIO
1550 826 1977 916 SOAURO.

409 1129 517 1188 DE
554 1126 720 1187 HAG
768 1123 1180 1186 ORATIONE
1228 1122 1626 1186 ASCONIUS
1672 1123 1892 1186 HAEC
1936 1123 2244 1184 HABET:

447 1242 610 1296 Hanc
657 1258 880 1310 quoque
934 1238 1249 1295 orationem
1304 1240 1520 1296 eisdem
1574 1239 1903 1295 consulibus
1953 1239 2101 1293 dixit
2145 1239 2359 1308 quibus

303 1330 408 1384 pro
442 1312 705 1380 Vatinio,
742 1311 803 1366 L.
841 1311 1094 1366 Domitio
1131 1310 1472 1366 Aenobarbo
1512 1313 1572 1366 et
1606 1309 1794 1380 Appio
1833 1308 2071 1364 Claudio
2108 1310 2359 1365 Pulchro

303 1401 448 1510 goes:
484 1383 786 1524 '7333an
833 1380 1035 1436 iudicii
1072 1381 1195 1436 dies
1233 1381 1348 1435 fuit
1385 1399 1435 1436 a.
1476 1381 1530 1454 d.
1568 1381 1649 1435 III
1684 1381 1880 1435 Nonas
1919 1380 2235 1452 Septembr.
2277 1383 2359 1453 [a.

823 1556 1406 1617 ARGUMENTUM
1450 1555 1611 1617 Hoc
1656 1555 1833 1616 EST:

450 1671 527 1727 M.
577 1672 846 1740 Scaurus,
889 1671 963 1726 M.
1013 1669 1211 1726 Scauri
1255 1671 1437 1740 filius,
1492 1671 1592 1740 qui
1636 1671 1901 1742 princeps
1948 1672 2179 1726 senatus
2226 1671 2359 1740 fuit,

306 1742 574 1798 vitricum
626 1741 834 1796 habuit
878 1742 1116 1806 Sullam;
1177 1759 1289 1810 quo
1344 1741 1563 1796 victore
1618 1747 1679 1798 et
1733 1741 1997 1797 munifico
2050 1743 2112 1796 in
2169 1742 2361 1797 socios

307 1813 588 1869 victoriae
626 1813 714 1867 ita
749 1814 1042 1868 abstinens
1079 1813 1207 1880 fuit,
1247 1815 1313 1866 ut
1355 1813 1502 1866 nihil
1527 1828 1713 1881 neque
1742 1811 1945 1868 donari
1972 1812 2083 1868 sibi
2108 1813 2363 1868 voluerit

312 1901 500 1955 neque
562 1884 637 1940 ab
691 1884 861 1939 hasta
915 1883 1133 1939 emerit.
1225 1882 1601 1939 Aedilitatem
1655 1901 1877 1938 summa
1927 1881 2362 1953 magnificentia

310 1956 518 2028 gessit,
577 1956 720 2010 adeo
766 1957 834 2009 ut
877 1955 938 2009 in
983 1954 1106 2009 eius
1153 1955 1439 2024 impensas
1478 1972 1615 2025 opes
1653 1972 1783 2010 suas
1821 1955 2205 2025 absumpserit
2239 1973 2359 2009 ma-

309 2043 598 2097 gnumque
655 2042 751 2081 aes
808 2024 1057 2080 alienum
1107 2025 1471 2081 contraxerit.
1552 2025 1637 2080 Ex
1688 2028 1959 2095 praetura
2001 2026 2361 2096 provinciam

312 2095 636 2153 Sardiniam
674 2095 942 2165 obtinuit,
979 2095 1041 2149 in
1076 2113 1190 2163 qua
1224 2114 1407 2167 neque
1436 2096 1578 2151 satis
1618 2096 1974 2151 abstinenter
2011 2113 2071 2152 se
2108 2097 2359 2166 gessisse

315 2167 672 2224 existimatus
729 2170 817 2221 est
871 2170 930 2223 et
973 2166 1142 2220 valde
1189 2170 1547 2237 arroganter3
1606 2167 1760 2236 quod
1804 2184 1983 2237 genus
2031 2185 2253 2223 morum
2295 2169 2360 2222 in

315 2254 383 2293 eo
419 2240 721 2309 paternum
756 2236 1075 2305 videbatur,
1115 2254 1242 2291 cum
1279 2240 1472 2293 cetera
1506 2238 1793 2292 industria
1815 2254 2177 2306 nequaquam
2207 2242 2362 2293 esset

310 2326 433 2380 par.
506 2308 652 2363 Erat
683 2311 878 2363 tamen
915 2306 1224 2377 aliquando
1261 2308 1413 2363 inter
1446 2312 1719 2380 patronos
1758 2325 2056 2363 causarum
2086 2310 2160 2377 et,
2198 2312 2360 2379 post—

314 2396 485 2449 quam
523 2395 592 2434 ex
625 2378 923 2449 provincia
957 2378 1222 2446 redierat,
1260 2379 1486 2435 dixerat
1518 2396 1622 2449 pro
1662 2380 1719 2435 G.
1761 2379 1994 2447 Catone,
2032 2378 2196 2448 isque
2234 2383 2362 2435 erat

314 2450 613 2505 absolutus
651 2466 702 2504 a.
741 2450 796 2504 d.
833 2449 912 2503 IV
947 2448 1144 2503 Nonas
1183 2450 1373 2515 Quint.
1447 2451 1577 2520 Ipse
1614 2468 1742 2505 cum
1780 2452 1853 2505 ad
1890 2450 2221 2505 consulatus
2258 2468 2358 2522 pe-

313 2519 581 2575 titionem
618 2537 669 2574 a.
708 2520 762 2575 d.
779 2546 782 2549 ⁴
801 2521 880 2574 III
916 2520 1039 2575 Kal.
1080 2520 1268 2586 Quint.
1308 2520 1548 2576 Romam
1583 2520 1841 2589 redisset,
1880 2520 2247 2589 querentibus
2286 2522 2360 2576 de

240 2644 246 2648 .
315 2606 385 2645 eo
423 2590 618 2647 Sardis
665 2606 702 2645 a
736 2590 798 2646 P.
837 2590 1071 2645 Valerio
1110 2590 1358 2660 Triario,
1407 2592 1773 2647 adulescente
1807 2594 2012 2661 parato
2051 2592 2127 2645 ad
2164 2591 2358 2646 dicen-

316 2662 452 2715 dum
489 2664 549 2715 et
584 2663 754 2716 notae
790 2660 1130 2731 industriae,
1175 2662 1296 2717 filio
1334 2662 1472 2730 eius,
1511 2662 1611 2731 qui
1646 2663 1709 2717 in
1746 2662 2007 2717 Sardinia
2043 2665 2243 2717 contra
2280 2663 2357 2718 M.

314 2732 391 2786 Le
433 2732 591 2785 idum
653 2748 813 2786 arma
871 2732 1085 2786 tulerat
1145 2735 1208 2787 et
1269 2736 1407 2803 post
1467 2733 1528 2787 in
1580 2733 1721 2787 Asia
1782 2732 2008 2802 legatus
2061 2733 2360 2802 Pontoque

314 2802 375 2859 L.
460 2802 636 2857 ucuHi
671 2802 884 2870 fiierat,
935 2820 1062 2857 cum
1106 2800 1156 2857 is
1202 2802 1416 2857 bellum
1454 2806 1652 2859 contra
1686 2802 2079 2857 Mithridatem
2114 2806 2359 2874 gereret,

311 2874 637 2943 postulatus
684 2879 762 2927 est
807 2874 959 2942 apud
994 2872 1068 2927 M.
1108 2872 1382 2927 Catonem
1424 2877 1745 2945 praetorem
1778 2875 2245 2943 repetundarum,
2293 2878 2361 2929 ut

314 2944 379 2998 in
415 2945 559 2999 actis
598 2942 872 3013 scriptum
910 2944 1014 3009 est,
1050 2942 1236 3013 pridie
1263 2944 1459 2998 Nonas
1488 2944 1719 3010 Quintil.
1756 2948 1890 3015 post
1925 2943 2078 3000 diem
2104 2946 2358 3012 tertium,

317 3031 487 3082 quam
527 3017 584 3070 0.
615 3013 759 3069 Cato
799 3016 924 3069 erat
960 3013 1272 3071 absolutus.
1348 3014 1813 3084 Subscripserunt
1840 3014 2059 3069 Triario
2095 3015 2160 3070 in
2188 3015 2360 3070 Scau-

314 3102 441 3139 rum
495 3087 559 3141 L.
615 3083 827 3139 Marius
871 3084 933 3140 L.
978 3084 1045 3152 f.,
1105 3086 1191 3139 M.
1241 3086 1301 3139 et
1348 3084 1412 3150 Q.
1459 3086 1691 3141 Pacuvii
1735 3086 1965 3155 fratres,
2021 3086 2359 3156 cognomine

316 3154 568 3222 Claudii,
614 3154 714 3223 qui
758 3152 1148 3223 inquisitionis
1193 3152 1255 3208 in
1304 3154 1624 3211 Sardiniam
1668 3156 1919 3239 itemque
1964 3156 2027 3211 in
2071 3159 2362 3227 Corsicam

316 3224 534 3279 insulas
571 3224 694 3279 dies
731 3225 976 3280 tricenos
1015 3230 1358 3295 acceperunt
1389 3242 1575 3295 neque
1609 3228 1855 3298 profecti
1891 3230 2025 3283 sunt
2059 3228 2135 3281 ad
2169 3228 2361 3297 inqui-

315 3295 568 3349 rendum.
627 3293 796 3349 Cuius
823 3296 911 3350 rei
935 3296 1086 3349 hanc
1104 3312 1335 3350 causam
1352 3297 1684 3365 reddebant,
1714 3298 1869 3366 quod
1886 3298 2105 3354 interea
2121 3298 2362 3354 comitia
2388 3344 2395 3352 .

317 3363 641 3420 consularia
675 3365 871 3419 futura
907 3368 1119 3431 essent3
1166 3366 1368 3422 timere
1406 3384 1540 3437 ergo
1579 3384 1657 3438 se,
1694 3385 1767 3423 ne
1804 3369 2045 3424 Scaurus
2084 3386 2153 3424 ea
2186 3386 2361 3440 pecu·
2416 3370 2419 3373 ’

316 3434 439 3501 nia,
496 3452 666 3503 quam
713 3452 748 3489 a
794 3435 964 3490 sociis
1011 3435 1367 3507 abstulisset,
1416 3442 1629 3493 emeret
1674 3440 2033 3494 consulatum
2078 3442 2160 3508 et,
2210 3440 2365 3495 sicut

317 3506 484 3572 pater
511 3504 634 3559 eius
660 3503 909 3575 fecisset,
937 3508 1242 3574 antequam
1269 3508 1342 3563 de
1370 3524 1439 3564 eo
1457 3508 1701 3564 iudicari
1716 3514 1928 3580 posset,
1956 3510 2364 3581 magistratum
