2550 3875
362 220 496 285 530
611 219 690 273 IN
731 218 804 272 M.
844 218 1236 274 ANTONIUM
1273 217 1541 273 ORATIO
1579 216 1987 271 PHILIPPICA
2024 216 2148 271 ΧΠ.

361 404 494 447 non
537 382 869 446 obstarem
905 380 1001 444 rei
1037 380 1357 463 publicae,
1400 402 1482 444 ne
1523 381 1677 463 quid
1714 379 2140 465 adrogantius
2181 377 2398 443 videar

273 482 342 529 22
363 470 592 535 dicere.
687 469 872 545 Quod
929 490 1075 533 cum
1129 469 1226 533 ita
1282 470 1397 553 sit,
1449 469 1699 533 nihilne
1756 469 1916 532 mihi
1973 468 2051 533 de
2105 466 2398 551 periculo

302 568 342 631 9
365 580 508 622 meo
557 558 978 643 cogitandum
1024 557 1319 640 putatis?
1392 556 1520 622 Hic
1569 579 1714 622 cum
1762 578 1971 622 essem
2014 556 2087 620 in
2122 556 2291 619 urbe
2328 576 2401 619 ac

365 646 559 728 domi,
606 650 828 710 tamen
874 646 1083 709 multa
1129 666 1320 729 saepe
1369 649 1695 729 temptata
1740 650 1911 729 sunt,
1958 644 2070 708 ubi
2115 665 2223 707 me
2270 665 2401 707 non

366 735 580 799 solum
617 734 974 799 amicorum
1011 734 1313 816 fidelitas,
1352 734 1463 799 sed
1501 734 1701 798 etiarn
1738 734 2077 798 universae
2108 731 2401 797 civitatis
2444 746 2467 789 ε

367 823 537 887 oculi
577 822 979 905 custodiunt3
1018 822 1172 906 quid
1212 822 1510 906 censetiS,
1547 844 1695 887 cum
1731 822 1858 886 iter
1894 822 2232 906 ingressus
2274 841 2401 901 er0‚

365 912 637 995 longum
690 910 1106 995 praesertim,
1159 911 1458 976 nullasne
1513 911 1783 975 insidias
1839 908 2401 975 extimescendas?

364 998 524 1064 Tres
570 1000 712 1063 viae
760 1003 911 1063 sunt
959 999 1039 1062 ad
1086 996 1437 1083 Mutinam,
1494 1021 1620 1083 quo
1668 998 1939 1064 festinat
1986 998 2276 1080 animuS,
2330 1000 2403 1060 ut

367 1110 561 1171 quam
616 1087 903 1171 primum
956 1087 1119 1153 illud
1165 1086 1405 1173 pignus
1451 1088 1780 1152 libertatis
1824 1087 2053 1171 populi
2100 1085 2402 1166 Romani,
2543 1148 2544 1161 ἢ

364 1175 444 1241 D.
472 1176 770 1258 Brutum,
809 1174 1097 1259 aspicere
1133 1176 1403 1259 possim,
1440 1176 1623 1241 cuius
1650 1175 1724 1239 in
1750 1175 2091 1259 complexu
2118 1175 2405 1238 libenter
2427 1192 2471 1230 1⁰
2543 1238 2544 1243 ,

368 1271 731 1330 extremum
766 1264 942 1328 vitae
972 1262 1277 1347 spiritum
1308 1264 1636 1348 ediderim,
1675 1286 1822 1329 cum
1852 1284 2075 1328 omnes
2106 1262 2401 1327 actiones

364 1354 600 1418 horum
664 1373 986 1433 mensum,
1053 1373 1276 1416 omnes
1335 1351 1695 1417 sententiae
1752 1374 1931 1417 meae
1985 1351 2406 1434 pervenerint
2542 1324 2545 1475 X

367 1442 450 1506 ad
497 1463 661 1524 eum,
708 1441 820 1523 qui
867 1438 1027 1503 mihi
1069 1438 1198 1503 fuit
1235 1442 1632 1526 proposituS,
1678 1441 1942 1506 exitum.
2024 1438 2188 1504 Tres
2228 1460 2404 1524 erg0‚

368 1533 443 1593 ut
473 1530 624 1612 dixi,
661 1528 820 1610 viae,
859 1550 898 1591 a
926 1549 1160 1610 supero
1192 1529 1358 1593 mari
1387 1528 1729 1613 Flaminia,
1762 1530 1843 1593 ab
1873 1528 2083 1592 infero
2114 1528 2404 1609 Aurelia,

279 1629 349 1677 23
371 1618 585 1682 media
629 1615 873 1682 Cassia.
966 1614 1182 1699 Nunc,
1229 1639 1499 1702 quaeso,
1546 1618 1891 1701 attendite,
1936 1638 2094 1681 num
2142 1617 2406 1681 aberret
2434 1636 2475 1676 ιε
2543 1616 2544 1639 ³

371 1708 463 1787 [a]
497 1705 870 1770 coniectura
898 1704 1181 1787 suspicio
1211 1706 1485 1789 periculi
1514 1706 1659 1770 mei.
1718 1705 2057 1770 Etruriam
2086 1705 2404 1769 discrimi-

369 1798 485 1860 nat
505 1792 748 1859 Cassia.
815 1790 1151 1857 Scimusne
1181 1793 1404 1879 igitur,
1432 1793 1663 1877 Pansa,
1693 1794 1931 1877 quibus
1959 1794 2029 1857 in
2049 1793 2217 1857 locis
2236 1814 2407 1857 nunc
2543 1868 2544 1871 Ἴ

371 1884 458 1949 sit
490 1881 806 1948 Lentonis
837 1879 1155 1948 Caesenni
1193 1883 1668 1968 septemviralis
1707 1882 2110 1948 auctoritas?
2167 1880 2408 1947 Nobis·

373 1995 519 2038 cum
564 1994 682 2037 nec
729 1971 946 2035 animo
995 1974 1168 2035 certe
1216 1976 1319 2036 est
1363 1993 1483 2036 nec
1529 1992 1818 2055 corpore.
1900 1969 1972 2036 Si
2018 1975 2245 2035 autem
2293 1974 2409 2034 aut
2542 1902 2545 2054 ⁴

373 2061 548 2126 domi
597 2064 698 2124 est
744 2062 858 2124 aut
903 2081 1035 2123 non
1081 2058 1274 2144 longe
1322 2082 1363 2124 a
1398 2060 1609 2143 dome,
1656 2063 1829 2125 certe
1866 2059 1939 2124 in
1972 2058 2251 2124 Etruria
2289 2063 2408 2141 est,
2434 2083 2483 2121 πο
2543 2065 2544 2150 ᾖ

371 2149 438 2214 id
499 2151 600 2213 est
653 2148 721 2211 in
777 2147 898 2211 via.
998 2144 1158 2222 Quis
1214 2148 1421 2234 igitur
1475 2148 1639 2212 mihi
1690 2151 1988 2232 praestat
2039 2145 2405 2212 Lentonem

372 2259 502 2301 uno
542 2236 753 2319 capite
783 2245 925 2299 esse
955 2237 1379 2300 contentum?
1433 2235 1559 2300 Dic
1588 2237 1749 2300 mihi
1778 2240 2135 2320 praeterea,
2172 2235 2407 2320 Pansa,

373 2323 721 2388 Ventidius
778 2322 894 2386 ubi
949 2323 1064 2405 sit,
1120 2324 1224 2388 cui
1278 2323 1374 2388 fui
1422 2345 1675 2408 semper
1722 2324 1996 2409 amicus,
2052 2328 2408 2408 antequam

375 2413 485 2476 ille
550 2410 1007 2495 reipublicae
1070 2412 1389 2496 bonisque
1454 2413 1755 2478 omnibus
1820 2417 1958 2477 tam
2017 2417 2243 2496 aperte
2311 2416 2409 2477 est

375 2501 590 2565 factus
626 2498 947 2563 inimicus,
1003 2497 1279 2565 Possum
1314 2499 1609 2566 Cassiam
1645 2502 1872 2583 vitare,
1910 2505 2130 2566 tenere
2167 2499 2409 2564 Flami·
2435 2525 2481 2564 25

375 2590 580 2671 niam3
627 2587 826 2672 quid‘?
865 2587 922 2650 si
959 2584 1317 2666 Anconam,
1352 2593 1430 2653 ut
1467 2589 1720 2666 dicitur,
1758 2588 2107 2654 Ventidius
2139 2590 2410 2672 venerit,

377 2682 690 2762 poterone
748 2673 1120 2741 Ariminum
1175 2681 1323 2742 tuto
1380 2678 1725 2742 accedere?
1824 2675 2065 2742 Restat
2118 2677 2409 2742 Aurelia.

377 2765 502 2830 Hic
550 2765 806 2849 quidem
859 2763 1058 2828 etiam
1103 2765 1427 2847 praesidia
1465 2765 1705 2850 habe03
1748 2767 2195 2849 possessiones
2234 2767 2413 2830 enim

377 2859 531 2918 sunt
567 2853 638 2917 P.
669 2851 873 2917 Clodi.
927 2849 1096 2917 Tota
1132 2851 1385 2918 familia
1422 2857 1731 2938 occurret,
1768 2853 2059 2938 hospitio
2097 2854 2414 2918 invitabit

376 2945 646 3026 propter
685 2941 1204 3006 familiaritatem
1240 2941 1671 3006 notissimam.
1743 2941 1942 3007 Hisce
1981 2963 2103 3026 ego
2140 2964 2246 3007 me
2282 2943 2411 3006 viis
2438 2967 2486 3008 ω

379 3030 805 3112 committam,
852 3029 963 3113 qui
999 3027 1479 3095 Terminalibus
1525 3053 1731 3115 nuper
1776 3030 1847 3094 in
1884 3030 2287 3114 suburbium,
2336 3035 2413 3095 ut

378 3118 604 3182 eodem
651 3117 752 3180 die
791 3121 1165 3200 reverterer,
1213 3118 1306 3182 ire
1344 3141 1477 3183 non
1514 3139 1659 3186 sum
1696 3119 1937 3183 ausus?
2009 3117 2413 3184 Domesticis

379 3226 480 3269 me
526 3205 888 3289 parietibus
931 3205 1038 3269 vix
1077 3208 1264 3270 tueor
1304 3206 1441 3270 sine
1480 3208 1837 3270 amicorum
1875 3207 2206 3271 custodiis.
2279 3205 2415 3272 Ita-

381 3315 502 3375 que
549 3293 619 3356 in
662 3292 841 3376 urbe,
887 3293 946 3357 si
990 3292 1233 3375 licebit,
1281 3294 1607 3359 maneb0.·
1649 3293 1827 3358 Haec
1873 3317 2017 3360 mea
2063 3295 2246 3360 sedes
2288 3301 2415 3380 est,

379 3380 538 3444 haec
584 3380 837 3466 vigilia,
885 3380 1047 3444 haec
1095 3381 1419 3464 custodia,
1462 3382 1587 3446 hoc
1634 3382 2031 3466 praesidium
2076 3382 2415 3449 stativum.
2444 3409 2491 3450 ω

379 3464 670 3530 Teneant
699 3467 812 3529 alii
841 3470 1072 3548 castra,
1105 3472 1339 3552 gerant
1366 3489 1469 3532 res
1498 3470 1785 3553 bellicaS,
1814 3474 2123 3554 superent
2148 3471 2419 3538 hostem

384 3549 565 3631 (nam
626 3553 753 3617 hoc
813 3558 1010 3638 caput
1065 3552 1222 3639 est);
1285 3576 1432 3639 nos,
1495 3560 1571 3621 ut
1626 3558 1967 3623 didicimus
2024 3580 2417 3643 semperque

277 2912 356 2975 10

286 3003 356 3051 24
