2550 3875
900 207 1053 263 CAP.
1095 216 1140 277 1,
1179 216 1210 263 2
1250 216 1281 275 ς
1323 218 1475 265 1—6.
2084 212 2211 276 507

167 371 466 458 periculo
515 370 892 457 conligavit,
935 392 1291 457 progressu
1334 372 1561 453 arcuit,
1609 394 1649 437 a
1685 373 1898 437 reditu
1936 372 2216 437 refrena-

165 459 302 545 vit3
363 458 646 524 obsideri
703 481 771 523 se
825 480 1059 543 passus
1116 481 1194 523 ex
1249 463 1527 543 utraque
1581 465 1768 546 parte
1822 462 2216 526 constrinxit

171 546 559 613 Antonium.
651 547 842 612 Alter
886 547 957 611 in
993 545 1221 612 Asiam
1269 548 1534 632 inrupit.
1627 548 1802 614 Cur?
1890 547 1980 635 Si,
2026 554 2101 615 ut
2146 551 2216 614 in

172 634 466 720 Syriam,
511 636 785 720 patebat
828 635 935 700 via
980 639 1048 700 et
1095 640 1275 700 certa
1319 658 1527 719 neque
1574 635 1800 722 longa3
1852 639 1972 715 sin,
2016 644 2090 703 ut
2132 641 2220 703 ad

113 741 142 782 s
178 724 576 805 Trebonium,
633 725 786 808 quid
844 745 1006 807 opus
1062 724 1191 788 fuit
1245 746 1393 789 cum
1449 723 1753 809 legione?
1843 724 2213 793 Praemisso

171 812 400 876 Marso
463 812 684 877 nescio
752 833 881 895 quo
947 811 1245 892 Octavio,
1313 812 1629 878 scelerato
1699 813 1953 878 latrone
2019 819 2215 899 atque

173 900 422 987 egenti,
480 900 591 983 qui
647 900 1074 983 popularetur
1125 921 1349 985 agroS‚
1403 904 1669 966 vexaret
1714 902 1910 966 urbes
1955 924 2087 968 non
2135 904 2217 968 ad

174 1010 361 1072 spem
417 988 911 1074 constituendae
967 990 1057 1052 rei
1116 988 1490 1071 familiaris,
1549 1010 1744 1073 quam
1799 993 2021 1055 tenere
2068 1014 2217 1057 eum

173 1098 370 1161 posse
405 1080 672 1163 negant,
718 1076 831 1160 qui
866 1080 1111 1142 norunt
1149 1074 1341 1159 (mihi
1379 1077 1551 1141 enim
1587 1077 1697 1141 hic
1736 1081 1999 1142 senator
2035 1080 2219 1165 igno—

96 1185 146 1224 ιο
174 1170 285 1230 tus
333 1164 481 1249 est),
528 1165 637 1229 sed
685 1165 767 1229 ad
810 1169 1222 1250 praesentem
1257 1170 1521 1249 pastum
1559 1165 1998 1230 mendicitatis
2044 1188 2219 1251 suae,

177 1256 567 1319 consecutus
615 1256 716 1317 est
751 1250 1112 1318 Dolabella.
1195 1251 1396 1318 Nulla
1436 1254 1805 1339 suspicione
1844 1253 2002 1318 belli
2040 1252 2270 1338 (quisr,

176 1341 352 1407 enim
407 1341 472 1405 id
527 1344 792 1424 putaret
803 1339 864 1425 ‘?)
927 1346 1187 1407 secutae
1243 1342 1732 1407 conlocutiones
1788 1341 2218 1407 familiarissi-

177 1452 323 1495 mae
381 1451 530 1494 cum
576 1429 901 1494 Trebonio
960 1429 1462 1514 complexusque
1510 1452 1801 1495 summae
1847 1429 2218 1496 benivolen-

176 1518 311 1582 tiae
368 1518 520 1582 falsi
575 1517 820 1583 indices
879 1520 1236 1583 extiterunt
1290 1518 1361 1583 in
1412 1539 1631 1583 amore
1680 1518 2019 1603 simulato3
2073 1519 2218 1584 dex-

101 1626 150 1665 15
179 1613 378 1688 terae,
425 1628 588 1690 quae
635 1605 784 1685 fidei
833 1609 1036 1671 testes
1085 1628 1225 1671 esse
1273 1606 1593 1688 solebant,
1638 1611 1795 1671 sunt
1841 1607 2115 1690 perfidia
2151 1613 2218 1672 et

179 1694 420 1759 scelere
474 1694 790 1778 violatae3
843 1698 1202 1759 nocturnus
1257 1695 1572 1759 introitus
1620 1693 1970 1778 Zmyrnam
2026 1697 2215 1780 quasi

179 1785 248 1847 in
300 1782 594 1847 hostium
649 1781 906 1867 urbem,
961 1804 1124 1867 quae
1181 1786 1283 1848 est
1327 1782 1795 1847 fidissimorum
1843 1784 2213 1867 antiquissi-

179 1892 560 1956 morumque
616 1870 971 1956 sociorum3
1035 1892 1385 1955 oppressus
1441 1870 1833 1956 TreboniuS,
1890 1872 1946 1935 si
2002 1876 2078 1936 ut
2133 1874 2215 1939 ab

182 1983 276 2043 eo,
326 1960 439 2045 qui
486 1964 708 2043 aperte
753 1959 968 2024 hostis
1016 1964 1206 2044 esset,
1250 1961 1573 2043 incautus,
1620 1959 1677 2024 si
1723 1964 1798 2024 ut
1838 1961 1920 2025 ab
1960 1983 2057 2043 e0‚
2106 1963 2217 2045 qui

102 2070 155 2109 zo
183 2049 341 2114 civis
410 2049 610 2112 etiam
673 2051 816 2113 tum
879 2049 1161 2132 speciem
1224 2048 1523 2131 haberet,
1596 2048 1812 2113 miser.
1920 2047 2024 2113 Ex
2089 2071 2216 2131 quo

178 2137 490 2202 nimirum
537 2135 996 2202 documentum
1040 2158 1161 2201 nos
1209 2157 1437 2220 capere
1484 2136 1752 2201 fortuna
1789 2136 2015 2219 voluit,
2063 2137 2220 2220 quid

182 2228 353 2290 esset
387 2223 580 2289 victis
620 2225 1182 2290 extimescendum.
1256 2222 1683 2290 Consularem
1709 2224 2043 2290 hominem
2072 2246 2219 2290 con-

183 2312 384 2378 sulari
423 2313 699 2395 imperio
737 2313 1141 2396 provinciam
1178 2312 1409 2377 Asiam
1448 2313 1852 2398 optinentem
1895 2311 2217 2378 Samiario

183 2400 356 2466 exuli
419 2401 717 2484 tradidit,
780 2400 1174 2466 interficere.
1211 2406 1477 2484 captum
1541 2402 1768 2466 statim
1833 2401 2073 2486 noluit,
2135 2423 2218 2467 ne

105 2510 158 2552 ιο
184 2489 408 2571 nimis,
479 2488 668 2553 credo
679 2539 697 2573 ,
770 2488 840 2552 in
903 2489 1180 2554 victoria
1242 2489 1536 2554 liberalis
1594 2490 1940 2555 videretur.
2052 2487 2217 2554 Cum

185 2578 529 2642 verborum
577 2576 990 2642 contumeliis
1040 2578 1365 2660 optimum
1411 2578 1623 2642 virum
1670 2579 1923 2643 incesto
1972 2599 2082 2642 ore
2129 2578 2218 2640 la-

186 2668 499 2748 cerasset,
563 2667 705 2729 tum
768 2665 1147 2729 verberibus
1213 2688 1289 2731 ac
1355 2665 1702 2732 tormentis
1768 2666 2219 2749 quaestionem

182 2752 414 2818 habuit
475 2752 786 2836 pecuniae
850 2753 1178 2837 publicae,
1242 2754 1437 2836 idque
1494 2776 1611 2837 per
1664 2754 1953 2818 biduum.
2053 2752 2217 2816 Post

186 2841 542 2906 cervicibus
587 2841 818 2906 fractis
858 2845 1055 2924 caput
1088 2841 1376 2924 abscidit
1414 2843 1607 2926 idque
1645 2841 1930 2906 adfixum
1970 2841 2218 2926 gestari

105 2951 158 2992 ω
186 2929 378 2995 iussit
431 2929 501 2993 in
558 2929 723 3014 pilo;
781 2928 1105 3013 reliquum
1156 2951 1393 3014 corpus
1440 2934 1727 2995 tractum
1775 2933 1972 3012 atque
2020 2928 2218 2992 lania-

188 3023 326 3082 tum
373 3018 612 3083 abiecit
656 3017 727 3081 in
771 3039 967 3082 mare.
1058 3016 1223 3084 Cum
1268 3019 1397 3083 hoc
1441 3018 1634 3083 hoste
1679 3017 2058 3081 bellandum
2097 3021 2216 3099 est,
2236 3029 2269 3077 6

188 3107 366 3172 cuius
423 3105 804 3170 taeterrima
861 3106 1245 3170 crudelitate
1300 3107 1511 3171 omnis
1559 3105 1866 3170 barbaria
1912 3107 2220 3188 superata

188 3197 312 3260 est!
408 3194 577 3270 Quid
637 3195 868 3278 loquar
926 3193 1002 3258 de
1059 3195 1250 3259 caede
1308 3194 1548 3260 civium
1603 3192 2076 3276 Romanorum,
2142 3192 2218 3257 de

188 3283 547 3366 direptione
594 3281 941 3348 fanorum?
1026 3282 1186 3358 Quis
1233 3286 1353 3364 est,
1401 3282 1511 3366 qui
1558 3303 1677 3365 pro
1727 3302 1944 3346 rerum
1986 3281 2219 3346 atroci-

110 3389 160 3430 ³5
189 3374 324 3434 tate
362 3369 698 3453 deplorare
738 3374 958 3434 tantas
998 3370 1407 3435 calamitates
1448 3370 1689 3454 queat?
1753 3369 1847 3434 Et
1873 3391 2046 3434 nunc
2075 3373 2221 3434 tota

187 3459 347 3524 Asia
392 3463 697 3542 vagatur,
751 3458 986 3524 volitat
1037 3465 1112 3522 ut
1157 3481 1298 3542 reX‚
1350 3480 1471 3523 nos
1520 3457 1649 3523 aiio
1697 3458 1871 3523 bello
1919 3457 2220 3522 distineri

189 3550 402 3632 putat3
442 3547 628 3631 quasi
665 3568 818 3612 veto
853 3569 987 3612 non
1022 3547 1195 3632 idern
1231 3569 1559 3630 unumque
1598 3547 1843 3611 bellum
1873 3547 1960 3610 sit
1991 3549 2221 3611 contra
