2550 3875
279 178 414 242 504
452 177 528 231 IN
562 178 636 231 Μ.
662 176 1058 233 ΑΝΤΟΝΙΠΜ
1087 176 1415 233 OR..PHIL.
1456 178 1524 231 X.
1583 177 1833 232 CAP.11
1865 184 1896 244 ξ
1920 184 2150 233 24—26

278 340 640 441 legionum,
714 339 1074 423 equitatus,
1149 340 1541 404 auxiliorum
1611 360 1884 424 magnae
1954 344 2024 404 et
2090 340 2325 405 firmae

279 428 504 512 copiae
553 431 970 528 comparatae
1019 432 1190 492 sunt.
1270 425 1741 513 Adiungendus
1790 432 1890 493 est
1927 426 2001 503 Q.
2036 427 2327 493 Horten-

279 517 442 599 siuS,
509 517 620 600 qui
687 538 836 581 cum
890 514 1342 581 Macedoniam
1403 516 1758 599 obtineret,
1823 516 2190 581 adiutorem
2250 538 2325 581 se
2535 576 2536 581 ,

277 604 489 671 Bruto
539 605 620 667 ad
667 605 1174 688 comparandum
1222 604 1579 669 exercitum
1627 605 2017 669 fidissimum
2065 609 2134 670 et
2172 627 2325 670 con-

277 692 762 758 stantissimum
797 693 1120 777 praebuit.
1189 692 1364 757 Nam
1402 693 1479 757 de
1516 691 1603 757 M.
1642 692 1923 777 Apuleio
1962 694 2323 777 separatim
2376 717 2405 758 s
2534 642 2537 735 ι

278 802 509 846 censeo
548 780 974 865 referendum,
1013 781 1115 846 cui
1150 782 1344 845 testis
1373 785 1475 845 est
1500 804 1619 866 per
1644 781 1903 847 litteras
1932 780 2021 845 M.
2049 781 2323 867 Brutus,

279 890 429 934 eum
459 869 819 954 principem
848 869 1049 934 fuisse
1079 870 1162 933 ad
1191 874 1499 935 conatum
1527 870 1850 935 exercitus
1879 870 2322 953 comparandi.

186 977 254 1025 25
413 956 592 1033 Quae
686 979 832 1023 cum
924 959 1022 1022 ita
1113 958 1275 1042 sint,
1363 959 1538 1042 quod
1624 956 1694 1024 C.
1781 957 1997 1023 Pansa
2088 958 2320 1024 consul

276 1046 476 1111 verba
521 1046 679 1111 fecit
725 1046 803 1110 de
849 1045 1113 1130 litteris,
1159 1067 1324 1130 quae
1373 1068 1412 1110 a
1460 1046 1533 1123 Q.
1573 1044 1896 1130 Caepione
1933 1045 2145 1111 Bruto
2192 1068 2317 1130 pro

277 1136 541 1199 consule
589 1135 827 1199 allatae
875 1138 944 1198 et
987 1134 1060 1198 in
1101 1134 1228 1200 hoc
1277 1134 1499 1199 ordine
1546 1135 1857 1200 recitatae
1904 1139 2077 1220 sunt,
2122 1135 2201 1200 de
2240 1156 2320 1199 ea
2349 1158 2401 1197 ιο

274 1245 345 1288 re
400 1223 497 1287 ita
553 1245 812 1289 censeo:
876 1222 1049 1287 ‘cum
1104 1220 1176 1297 Q.
1232 1222 1578 1306 Caepionis
1623 1222 1818 1287 Bruti
1871 1244 1992 1306 pro
2049 1224 2317 1289 consule

276 1333 501 1395 opera,
565 1311 868 1394 consilio,
923 1311 1271 1394 industria,
1326 1314 1570 1376 virtute
1623 1311 2013 1376 difficillimo
2059 1312 2157 1376 'rei
2200 1334 2317 1396 pu-

274 1399 484 1465 blicae
549 1403 845 1483 tempore
899 1400 1237 1484 provincia
1292 1398 1675 1465 Macedonia
1730 1403 1796 1464 et
1851 1398 2191 1483 Illyricum
2246 1404 2317 1464 et

275 1492 510 1552 cuncta
545 1486 821 1552 Graecia
858 1491 925 1552 et
961 1487 1271 1573 legiones,
1310 1488 1651 1570 exercitus,
1688 1487 2021 1571 equitatus
2059 1488 2130 1552 in
2167 1509 2315 1553 con-

274 1576 520 1655 sulum,
575 1580 839 1640 senatus
894 1575 1248 1659 populique
1304 1575 1588 1641 Romani
1640 1579 1971 1660 potestate
2028 1576 2190 1659 sint,
2246 1576 2314 1640 id
2344 1588 2395 1629 1⁵

276 1662 352 1739 Q.
399 1661 798 1747 Caepionem
843 1663 1129 1728 Brutum
1180 1686 1300 1748 pro
1356 1665 1622 1729 consule
1678 1665 1843 1729 bene
1888 1668 1956 1729 et
2002 1686 2037 1729 e
2083 1686 2155 1728 re
2199 1687 2317 1749 pu-

272 1752 450 1816 blica
493 1773 613 1836 pro
663 1774 782 1816 sua
819 1753 1268 1836 maiorumque
1308 1774 1574 1817 suorum
1613 1753 1936 1838 dignitate
1972 1756 2315 1817 consuetu-

274 1840 550 1923 dineque
607 1841 702 1905 rei
747 1841 1048 1924 publicae
1094 1840 1258 1905 bene
1307 1842 1624 1926 gerendae
1670 1840 1930 1923 fecisse,
1986 1862 2131 1905 eam
2176 1863 2315 1905 rem

183 1943 253 1990 26
275 1930 532 1995 senatui
569 1929 943 2014 populoque
972 1928 1272 1995 Romano
1313 1933 1596 2031 gratam
1609 1951 1751 1995 esse
1786 1933 1853 1994 et
1879 1928 2048 2014 fore3
2084 1928 2313 2014 utique

277 2017 360 2094 Q.
391 2017 633 2102 Caepio
663 2018 910 2083 Brutus
951 2040 1073 2102 pro
1112 2019 1377 2083 consule
1414 2018 1817 2102 provinciam
1845 2017 2312 2096 Macedoniam,
2342 2039 2395 2079 2⁰

274 2102 616 2188 Illyricum
698 2111 1128 2189 cunctamque
1204 2105 1546 2171 Graeciam
1619 2110 1909 2191 tueatur,
1991 2105 2314 2186 defendat,

274 2195 603 2258 custodiat
682 2194 1205 2278 incolumemque
1291 2199 1631 2261 conservet
1720 2195 1907 2279 eique
1982 2195 2313 2278 exercitui,

275 2304 467 2364 quem
506 2283 645 2366 ipse
686 2283 1052 2366 constituit,
1100 2283 1523 2367 comparavit,
1558 2283 1808 2367 praesit
1841 2282 2311 2367 pecuniamque

273 2370 354 2434 ad
410 2392 549 2434 rem
605 2371 986 2453 militarem,
1044 2371 1098 2434 si
1147 2393 1274 2454 qua
1322 2393 1484 2454 opus
1532 2372 1646 2455 sit,
1702 2392 1866 2455 quae
1912 2371 2179 2456 publica
2226 2372 2313 2436 sit

273 2461 340 2522 et
388 2459 561 2544 exigi
607 2459 849 2543 possit,
904 2462 1154 2542 utatur,
1209 2460 1431 2544 exigat
1474 2459 1940 2544 pecuniasque,
1988 2481 2027 2522 a
2073 2460 2309 2544 quibus
2337 2479 2388 2520 2⁵

272 2546 587 2631 videatur,
635 2547 717 2611 ad
763 2568 902 2611 rem
939 2547 1293 2612 militarem
1333 2552 1593 2612 mutuas
1632 2552 1851 2612 sumat
1885 2546 2313 2612 frumentum·

275 2657 398 2719 que
444 2635 724 2720 imperet
772 2657 1163 2719 operamque
1210 2636 1338 2718 det,
1385 2641 1459 2700 ut
1507 2658 1655 2700 cum
1696 2636 1832 2701 suis
1872 2635 2078 2719 copiis
2119 2657 2312 2719 quam

271 2724 568 2807 proxime
615 2723 883 2787 Italiam
931 2725 1047 2806 sit3
1103 2746 1377 2807 cumque
1425 2746 1502 2788 ex
1547 2724 1789 2788 litteris
1840 2723 1915 2800 Q.
1963 2722 2310 2808 Caepionis

270 2810 466 2876 Bruti
500 2833 622 2897 pro
662 2811 928 2877 consule
965 2811 1373 2876 intellectum
1412 2813 1501 2876 sit
1540 2812 1615 2888 Q.
1652 2810 1968 2877 Hortensi
2005 2833 2125 2894 pro
2166 2833 2309 2876 con-

272 2900 410 2964 sule
479 2921 677 2983 opera
735 2904 803 2963 et
860 2900 1101 2964 virtute
1157 2901 1575 2965 vehementer
1626 2922 1764 2964 rem
1819 2899 2151 2984 publicam
2208 2900 2309 2963 ad-
2336 2918 2384 2957 ³⁰

137 3055 140 3058 ,
269 2988 482 3053 iutam
511 2989 858 3070 omniaque
888 2988 1026 3053 eius
1058 2989 1333 3053 consilia
1361 3010 1507 3053 cum
1537 2988 1827 3053 consiliis
1858 2987 1932 3064 Q.
1962 2985 2309 3071 Caepionis

270 3075 466 3140 Bruti
503 3098 624 3159 pro
664 3077 930 3141 consule
969 3077 1315 3142 coniuncta
1342 3076 1564 3160 fuisse,
1602 3097 1872 3160 eamque
1900 3097 2040 3140 rem
2069 3096 2308 3161 magno

269 3165 417 3228 usui
472 3166 567 3228 rei
622 3163 922 3248 publicae
977 3164 1206 3247 fuisse,
1267 3162 1340 3239 Q.
1388 3163 1818 3229 Hortensium
1876 3185 1996 3249 pro
2045 3163 2307 3229 consule

269 3255 444 3316 recte
506 3257 574 3317 et
630 3253 853 3317 ordine
909 3274 1115 3336 exque
1171 3275 1239 3316 re
1294 3252 1557 3336 publica
1608 3253 1869 3335 fecisse,
1924 3253 2303 3336 senatuique

269 3339 525 3420 placere
594 3337 668 3414 Q.
732 3338 1164 3404 Hortensium
1231 3362 1359 3440 pro
1420 3341 1683 3405 consule
1749 3362 1897 3405 cum
1963 3343 2305 3424 quaestore
2334 3353 2383 3396 ³⁵

269 3445 470 3505 prove
511 3431 857 3507 quaestore
896 3431 963 3492 et
991 3427 1230 3512 legatis
1262 3427 1399 3491 suis
1426 3428 1830 3510 provinciam
1859 3427 2305 3493 Macedoniam

271 3511 590 3590 obtinere,
638 3514 850 3594 quoad
898 3514 959 3577 ei
1006 3536 1084 3578 ex
1123 3519 1387 3578 senatus
1429 3517 1729 3580 consulto
1768 3537 2140 3582 successum
2178 3514 2302 3579 sit?
