2550 3875
622 677 625 682 ·
677 651 773 724 M.
832 651 1119 724 TULLI
1176 653 1679 726 CICERONIS

148 849 273 932 IN
346 849 453 933 M.
526 847 1076 934 ANTONIUM
1140 849 1524 934 ORATIO
1551 943 1558 950 ,
1589 852 2196 970 PHILIPPICA

954 1007 1401 1112 QUARTA.

884 1374 1474 1435 ARGUMENTUM.
1501 1403 1507 1412 ·

301 1540 516 1596 Habita
554 1541 839 1611 superiore
878 1541 1134 1597 oratione
1163 1542 1237 1596 M.
1270 1541 1463 1597 Cicero
1497 1543 1611 1597 iam
1639 1544 1698 1598 in
1728 1544 2007 1612 contione,
2047 1559 2195 1611 quae

154 1614 291 1666 acta
320 1613 436 1666 sint
462 1611 521 1665 in
550 1615 767 1678 senatu,
797 1611 1043 1682 exponit.
1104 1611 1159 1668 C.
1191 1610 1487 1668 Caesarem
1515 1617 1575 1668 et
1599 1613 1666 1670 D.
1695 1613 1932 1669 Brutum
1959 1613 2192 1668 summis

155 1682 356 1736 adficit
382 1681 661 1750 laudibus,
690 1685 962 1753 populum
988 1682 1307 1737 Romanum
1335 1684 1410 1737 ad
1436 1684 1761 1739 libertatem
1789 1685 2194 1754 capessendam

153 1753 496 1809 adhortatur
531 1753 786 1822 beneque
824 1754 893 1808 de
928 1771 989 1808 re
1026 1754 1257 1822 publica
1293 1771 1520 1824 sperare
1556 1755 1730 1810 iubet.

2215 2077 2244 2140 1

294 2108 691 2193 Frequentia
715 2112 1007 2173 vestrum
1033 2108 1455 2193 incredibiliS,
1495 2108 1802 2191 Quirites,
1841 2109 2188 2193 contioque
2213 2169 2240 2214 1

157 2200 376 2279 tanta,
424 2200 736 2281 quantam
781 2196 1155 2261 meminisse
1199 2220 1335 2263 non
1379 2197 1620 2281 videor,
1667 2202 1734 2261 et
1780 2198 2190 2263 alacritatem

160 2284 324 2349 mihi
364 2306 684 2349 summam
722 2284 1153 2350 defendendae
1190 2286 1285 2350 rei
1321 2286 1621 2369 publicae
1660 2285 1872 2350 adfert
1911 2290 1977 2350 et
2007 2307 2189 2370 spem

161 2372 657 2456 recuperandae.
734 2372 1143 2457 Quamquam
1190 2374 1445 2438 animus
1493 2374 1654 2437 mihi
1703 2374 1962 2458 quidem
2008 2397 2190 2438 num-

102 2490 131 2530 5
162 2483 360 2545 quam
416 2460 650 2546 defuit,
704 2465 1001 2545 tempora
1056 2462 1426 2546 defuerunt,
1480 2483 1644 2545 quae
1697 2463 1893 2527 simul
1941 2484 2016 2528 ac
2060 2463 2190 2547 pri-

163 2571 343 2613 mum
382 2549 628 2634 aliquid
658 2547 823 2613 lucis
854 2550 1192 2614 ostendere
1219 2550 1362 2613 visa
1389 2554 1561 2633 sunt,
1597 2550 1901 2634 princeps
1931 2555 2186 2615 vestrae

160 2637 489 2702 libertatis
518 2635 949 2701 defendendae
978 2637 1089 2701 fui.
1132 2636 1378 2713 Quodsi
1405 2638 1473 2701 id
1503 2642 1652 2702 ante
1681 2637 1894 2703 facere
1915 2643 2188 2703 conatus

163 2747 391 2807 essem,
440 2746 612 2789 nunc
656 2724 869 2789 facere
914 2746 1048 2790 non
1092 2746 1371 2808 possem.
1460 2724 1795 2791 Hodierno
1843 2726 2018 2789 enim
2065 2726 2185 2808 die,

166 2813 472 2891 Quirites,
516 2834 597 2899 ne
636 2813 1025 2878 mediocrem
1062 2835 1199 2876 rem
1237 2817 1456 2877 actam
1493 2814 1920 2892 arbitremini,
1961 2811 2188 2877 funda-

86 2929 135 2968 ιο
164 2905 385 2966 menta
455 2901 629 2965 iacta
701 2904 853 2965 sunt
926 2901 1324 2983 reliquarum
1388 2901 1737 2967 actionum.
1845 2898 2020 2963 Nam
2085 2905 2186 2965 est

162 2989 374 3054 hostis
422 3011 461 3053 a
506 2993 739 3053 senatu
782 2990 1067 3053 nondum
1113 2989 1312 3053 verbo
1361 2989 1744 3072 adpellatu8‚
1794 2988 1906 3052 sed
1946 3010 2015 3051 re
2054 2988 2186 3052 iam

164 3077 484 3142 iudicatus
536 3076 877 3142 Antonius,
967 3075 1158 3141 Nunc
1212 3099 1367 3141 vero
1424 3076 1634 3141 multo
1692 3098 1836 3140 sum
1887 3076 2184 3160 erectior,
2205 3090 2237 3137 2

168 3167 337 3250 quod
392 3187 507 3230 vos
564 3186 819 3249 quoque
873 3165 1061 3229 illum
1114 3165 1378 3229 hostem
1432 3186 1571 3229 esse
1626 3168 1813 3228 tanto
1868 3185 2186 3229 consensu

164 3257 478 3338 tantoque
519 3254 799 3317 clamore
838 3253 1334 3337 adprobavistis.
1389 3250 1618 3336 Neque
1649 3252 1838 3333 enim,
1878 3251 2187 3335 Quirites,

93 3368 141 3410 15
166 3342 305 3407 fieri
349 3344 587 3425 potest,
631 3345 708 3405 ut
751 3362 884 3405 non
930 3344 1045 3405 aut
1089 3341 1138 3404 ii
1184 3342 1318 3405 sint
1362 3340 1567 3424 impii,
1615 3340 1725 3424 qui
1773 3344 2002 3405 contra
2039 3362 2184 3406 con-

170 3430 373 3496 sulem
418 3428 739 3493 exercitus
786 3433 1318 3512 conparaverunt,
1364 3435 1477 3492 aut
1524 3427 1632 3491 ille
1679 3428 1909 3513 hostiS,
1954 3433 2185 3493 contra

170 3540 358 3603 quem
384 3517 524 3583 iure
554 3538 733 3581 arma
761 3520 1023 3599 sumpta
1047 3520 1216 3581 sunt.
1253 3515 1442 3580 Hanc
1464 3515 1671 3601 igitur
1691 3516 2182 3597 dubitationem,
