2550 3875
792 156 946 213 GAP.
987 164 1124 212 3—5
1165 163 1195 223 g
1233 163 1423 212 8—14.
1998 158 2130 222 559

80 321 202 397 ris,
253 342 418 403 quae
458 319 770 385 recitatae
811 323 983 402 sunt,
1028 319 1367 384 decernere
1405 319 1751 386 debeamus
1792 316 2129 384 Servilius-

84 430 218 491 que
259 407 636 491 decreverit,
676 408 930 492 augebo
971 407 1234 472 omnino
1271 429 1612 471 numerum
1645 407 1912 492 dierum,
1948 430 2129 491 prae-

82 495 324 560 sertim
373 518 520 561 cum
564 517 700 560 non
733 495 865 579 uni,
911 496 1024 560 sed
1061 495 1273 560 tribus
1313 495 1582 559 ducibus
1620 495 1755 559 sint
1793 496 2131 560 decernen-

81 585 239 669 dae3
287 585 400 649 sed
440 585 570 650 1100
606 583 890 667 primum
926 583 1182 668 faciam,
1224 587 1303 647 ut
1337 583 1765 666 imperatores
1804 583 2128 667 appellem

83 694 234 754 008,
283 694 562 756 quorum
606 672 870 755 virtute,
916 671 1210 754 consilio,
1255 670 1569 736 felicitate
1617 671 1916 735 maximis
1962 672 2129 755 peri-

85 759 260 824 culis
300 759 635 825 servitutis
673 766 870 844 atque
907 759 1214 824 interitus
1255 759 1519 824 liberati
1548 780 1787 823 sumus.
1860 759 2128 824 Etenim

85 848 201 913 cui
255 847 497 932 viginti
549 847 654 912 his
711 848 896 912 annis
951 847 1344 931 supplicatio
1400 847 1660 911 decreta
1704 850 1831 930 est,
1876 850 1951 911 ut
1994 869 2129 912 11011

83 937 456 1019 imperator
512 936 950 1020 appellaretur
1003 939 1119 999 aut
1173 934 1462 999 minimis
1519 935 1714 998 rebus
1762 934 1966 1020 gestis
2013 938 2129 999 aut

85 1025 479 1108 plerumque
533 1023 778 1088 nullis?
872 1024 1083 1100 Quam
1129 1024 1213 1088 ob
1261 1045 1401 1087 rem
1446 1026 1559 1086 aut
1606 1022 2015 1105 supplicatio·
2045 1023 2126 1086 ab

89 1134 172 1176 eo
182 1163 200 1196 ,
257 1113 370 1195 qui
427 1116 578 1176 ante
636 1111 826 1195 dixit,
881 1111 1279 1178 decernenda
1331 1133 1465 1175 non
1510 1109 1638 1174 fuit
1683 1113 1798 1174 aut
1841 1110 2127 1175 usitatus

85 1200 305 1265 honos
376 1200 928 1285 pervulgatusque
997 1199 1381 1264 tribuendus
1444 1199 1555 1282 iis,
1628 1198 1865 1281 quibus
1929 1198 2128 1262 etiam
2146 1239 2191 1304 5

89 1289 250 1353 novi
289 1289 782 1374 singularesque
821 1288 1155 1352 debentur.
1233 1285 1359 1370 An,
1404 1286 1461 1350 si
1500 1286 1644 1369 quis
1683 1285 2127 1369 Hispanorum
2153 1330 2217 1377 12

93 1381 213 1441 aut
261 1375 602 1442 Gallorum
656 1379 771 1440 aut
819 1375 1142 1440 Threcum
1196 1374 1377 1439 mille
1432 1377 1547 1439 aut
1602 1375 1730 1438 duo
1787 1373 1971 1439 milia
2027 1396 2129 1440 oc—

95 1465 393 1549 cidisset,
457 1486 606 1529 eum
658 1463 782 1528 hac
837 1463 1326 1548 consuetudine,
1391 1484 1555 1546 quae
1609 1461 1961 1547 increbuit,
2014 1461 2133 1526 im-

97 1557 472 1637 peratorem
537 1551 899 1636 appellaret
964 1555 1259 1636 senatus;
1322 1553 1428 1615 tot
1480 1549 1850 1635 legionibus
1906 1550 2131 1634 caesia,

98 1644 290 1704 tanta
352 1640 770 1705 multitudine
832 1639 1124 1705 hostium
1187 1637 1533 1703 interfecta
1597 1635 1890 1724 (hostium
1953 1638 2131 1723 dico;

96 1730 224 1813 ita,
269 1729 564 1813 inquam,
609 1727 928 1811 hostium,
975 1726 1270 1811 quamvis
1316 1727 1444 1792 hoc
1488 1725 1603 1790 isti
1646 1725 1871 1791 hostes
1918 1726 2131 1791 dome-

100 1816 256 1881 stici
299 1814 541 1900 nolint)
591 1816 969 1881 clarissimis
1018 1815 1290 1880 ducibus
1337 1813 1886 1898 supplicationum
1929 1814 2131 1878 hono-

101 1927 242 1970 rem
332 1905 723 1990 tribuemus,
814 1903 1309 1989 imperatorium
1396 1924 1635 1967 nomen
1725 1901 2131 1967 adimemus?

64 1994 365 2070 ·Quanto
433 1994 607 2057 enim
669 1993 944 2078 honore,
1016 1992 1299 2075 laetitia,
1370 1990 1810 2077 gratulatione
1875 1990 1945 2055 in
2005 1991 2132 2056 hoc

99 2082 423 2165 templum
475 2081 732 2167 ingredi
787 2082 1025 2146 debent
1077 2080 1178 2145 1111
1233 2079 1361 2164 1Ρ81
1414 2078 1609 2143 11111118
1662 2078 1845 2144 urbis
1900 2077 2132 2142 libera-

103 2176 300 2252 tores,
347 2192 495 2234 cum
539 2171 846 2235 hesterno
894 2168 998 2233 die
1041 2172 1314 2252 propter
1361 2189 1585 2232 eorum
1626 2188 1729 2231 res
1768 2169 1991 2251 gestas
2029 2188 2131 2231 me

104 2260 409 2322 ovantem
454 2262 522 2322 et
565 2279 767 2341 prope
813 2257 1331 2341 triumphantem
1374 2255 1656 2339 populus
1693 2252 2025 2319 Romanus
2063 2254 2134 2319 in

105 2345 507 2427 Capitolium
562 2345 756 2410 domo
803 2345 1058 2423 tulerit,
1115 2346 1383 2409 domum
1426 2343 1573 2407 inde
1621 2342 1994 2407 reduxerit?
2066 2342 2134 2407 Is
2155 2352 2219 2399 13

64 2459 75 2497 s
107 2433 282 2497 enim
326 2432 587 2496 demum
630 2436 732 2497 est
778 2454 923 2497 mea
968 2433 1230 2516 quidem
1277 2431 1603 2497 sententia
1647 2430 1859 2495 iustus
1907 2431 2134 2495 trium-

105 2522 276 2605 phus
324 2542 399 2584 ac
445 2540 653 2597 101118,
706 2541 854 2583 cum
898 2520 1062 2585 bene
1109 2521 1186 2584 de
1232 2542 1301 2583 10
1348 2518 1609 2603 publica
1654 2519 1907 2583 meritis
1954 2518 2137 2582 testi·

109 2608 400 2673 monium
468 2630 507 2671 a
571 2629 889 2672 consensu
955 2607 1244 2672 civitatis
1310 2607 1518 2671 datur.
1627 2605 1802 2671 Nam
1866 2606 2002 2671 sive
2066 2605 2138 2669 in

112 2696 437 2763 communi
501 2695 739 2780 gaudio
803 2695 1032 2779 populi
1095 2695 1375 2759 Romani
1437 2694 1550 2759 uni
1616 2693 2137 2778 gratulabantur,

112 2806 423 2869 magnum
457 2783 786 2865 iudicium,
834 2783 968 2847 sive
1007 2784 1119 2847 uni
1156 2782 1405 2867 gratias
1444 2782 1747 2867 agebant,
1792 2803 1868 2846 eo
1907 2781 2137 2864 maius,

64 2900 86 2938 ο
114 2874 246 2937 8110
292 2877 667 2955 utrumque,
712 2871 880 2935 1111111
926 2870 1452 2956 magnificentius
1500 2869 1779 2955 cogitari
1823 2872 2062 2953 potest.

245 2959 365 3024 ‘Tu
403 2960 611 3045 igitur
646 2959 785 3043 ipse
824 2959 902 3023 de
940 2958 1074 3023 te‘?'
1122 2959 1359 3024 dixerit
1398 2958 1739 3042 quispiam.
1813 2956 2136 3040 Equidem

114 3048 380 3131 invituS,
428 3047 540 3111 sed
585 3047 858 3111 iniuriae
906 3047 1091 3113 dolor
1135 3046 1297 3112 facit
1342 3068 1445 3111 me
1490 3048 1751 3129 praeter
1798 3048 2137 3109 consuetu-

116 3137 327 3200 dinem
398 3136 777 3220 gloriosum.
887 3134 1119 3201 Nonne
1194 3135 1356 3199 satis
1432 3137 1532 3198 est
1606 3134 1686 3197 ab
1758 3132 2137 3197 hominibus

115 3224 375 3289 virtutis
421 3223 667 3309 ignaris
715 3223 995 3309 gratiam
1043 3224 1205 3289 bene
1252 3221 1653 3287 merentibus
1690 3242 1823 3285 non
1859 3220 2137 3285 referri?

67 3340 91 3380 5
118 3312 312 3376 etiam
364 3312 434 3376 in
488 3334 626 3400 eos,
681 3312 794 3396 qui
854 3333 1078 3377 omnes
1135 3333 1287 3375 suas
1343 3331 1530 3374 curas
1581 3309 1649 3373 in
1698 3309 1793 3373 rei
1837 3308 2137 3392 publicae

121 3400 322 3464 salute
387 3400 703 3485 defigunt,
774 3400 822 3484 †
883 3399 1167 3485 impetus
1243 3398 1489 3463 crimen
1558 3397 1805 3462 invidia
1878 3418 2138 3480 quaere-

119 3488 266 3552 tur?
365 3486 562 3553 Scitis
630 3488 801 3552 enim
864 3510 982 3574 per
1042 3488 1164 3553 hos
1222 3487 1360 3551 dies
1416 3486 1881 3552 creberrimum
1935 3484 2136 3550 fuisse
2159 3494 2219 3542 14
