2550 3875
315 1068 387 1129 11

320 1156 390 1205 27

412 156 545 220 426
682 156 763 211 IN
800 155 875 211 M.
912 154 1306 211 ANTONIUM
1342 153 1609 210 ORATIO
1647 152 2096 209 PHILIPPICA
2132 154 2238 210 III.

412 318 619 383 stanti
666 317 735 383 O.
783 316 1042 383 Cestius
1089 316 1475 401 repudiavit.
1569 314 1698 392 Qui
1743 320 1908 381 sunt
1956 316 2196 401 igitur
2237 316 2440 399 reliqui,

412 426 577 489 quos
626 426 769 471 sors
816 406 1033 470 divina
1078 405 1404 470 delectet?
1449 404 1498 489 †
1538 402 1611 468 L.
1649 405 1933 488 Annius,
1985 404 2092 468 M.
2133 405 2440 470 Antonius,

413 494 469 558 Ο
499 492 757 558 felicem
785 494 1161 577 utrumque!
1189 492 1356 557 nihil
1376 493 1553 557 enim
1573 492 1970 557 maluerunt.
2049 492 2132 559 O.
2154 492 2440 557 Antonius

412 580 876 647 Macedoniam.
968 581 1163 647 Hunc
1208 602 1466 665 quoque
1502 580 1787 645 felicem!
1833 580 2026 647 hanc
2067 582 2263 646 enim
2295 581 2440 645 habe

411 670 529 733 bat
574 691 829 753 semper
872 670 943 733 in
988 691 1099 734 ore
1145 670 1564 753 provinciam.
1648 667 1718 734 G.
1757 666 2118 733 Calvisius
2170 670 2483 734 Africams

411 756 599 821 Nihil
636 757 918 822 felicius!
957 758 1151 823 modo
1190 757 1363 822 enim
1400 778 1477 821 ex
1510 756 1738 821 Africa
1763 756 2176 822 decesserat
2205 763 2276 823 et
2302 755 2440 841 quasi

412 845 711 910 divinans
758 867 827 911 se
874 847 1234 911 rediturum
1281 846 1442 909 duos
1488 844 1747 929 legatos
1790 842 2048 909 Uticae
2100 846 2440 930 reliquerat
2502 872 2503 931 ᾗ

411 933 660 999 Deinde
707 932 795 999 M.
840 934 888 1019 †
934 931 1160 1000 Cusini
1209 932 1461 1017 Sicilia,
1507 930 1580 1007 Q.
1626 931 1814 998 Cassi
1859 932 2244 1017 Hispania.
2329 932 2440 997 Non

410 1022 640 1107 habe0,
670 1022 826 1107 quid
854 1022 1168 1106 suspicer-3
1196 1023 1469 1086 duarum
1499 1020 1690 1085 credo
1717 1021 2250 1104 provinciarum
2273 1024 2438 1087 sortes

412 1111 627 1175 minus
702 1110 951 1175 divinas
1020 1109 1245 1175 fuisse.
1356 1108 1410 1174 Ο
1478 1106 1548 1175 C.
1620 1106 1861 1173 Caesar
1931 1106 2436 1191 (adulescentem
2453 1131 2479 1169 ιο

412 1195 721 1284 appello),
760 1220 955 1282 quam
991 1201 1067 1262 tu
1105 1199 1386 1262 salutem
1421 1196 1517 1261 rei
1553 1196 1854 1281 publicae
1892 1197 2252 1283 adtulisti‚
2289 1219 2440 1283 quam

412 1286 829 1371 inprovisam,
867 1307 1063 1369 quam
1098 1286 1533 1370 repentinam!
1609 1284 1736 1361 Qui
1772 1284 1954 1348 enim
1991 1284 2184 1353 haec
2221 1286 2440 1372 fugiens

412 1375 667 1459 fecerit,
726 1374 881 1457 quid
934 1372 1181 1439 faceret
1226 1372 1617 1457 insequens?
1706 1372 1984 1437 Etenim
2037 1374 2126 1439 in
2175 1376 2440 1441 contione

412 1464 666 1527 dixerat
748 1483 816 1525 se
899 1462 1236 1527 custodem
1318 1460 1459 1526 fore
1540 1460 1722 1525 urbis
1807 1482 2017 1543 seque
2105 1485 2326 1548 usque
2385 1461 2442 1525 ad

413 1550 739 1614 Kalendas
793 1548 1003 1615 Maias
1059 1550 1140 1615 ad
1194 1550 1424 1614 urbem
1479 1549 1835 1615 exercitum
1886 1547 2330 1616 habiturum.
2403 1548 2486 1614 01⁵

411 1638 818 1722 praeclarum
848 1639 1185 1703 custodem
1203 1639 1442 1721 ovium,
1471 1641 1545 1701 ut
1565 1637 1768 1721 aiunt,
1794 1637 2071 1720 lupum!
2151 1639 2442 1705 Custosne

412 1726 593 1792 urbis
641 1748 723 1790 an
770 1726 1061 1809 direptor
1098 1730 1165 1791 et
1202 1730 1472 1791 vexator
1506 1728 1681 1789 esset
1716 1725 2122 1792 Antonius?
2214 1728 2313 1793 Et
2344 1727 2444 1811 qui·

276 1842 281 1851 ·
412 1815 557 1879 dem
605 1836 673 1879 se
720 1814 1148 1879 introiturum
1192 1815 1263 1879 in
1307 1816 1538 1879 urbem
1575 1812 1741 1877 dixit
1778 1812 2299 1901 exiturumque,
2333 1836 2445 1882 cum

320 2180 387 2228 28

317 3061 384 3109 29

409 1903 625 1968 vellet.
736 1900 949 1979 Quid?
1025 1902 1189 1968 illud
1259 1924 1472 1968 nonne
1538 1901 1837 1966 audiente
1898 1904 2179 1986 populo
2253 1905 2446 1970 sedens

408 2014 527 2076 pro
584 1993 740 2076 aede
796 1990 1091 2057 Castoris
1147 1991 1340 2076 dixit,
1402 1991 1533 2055 nisi
1589 1991 1702 2074 qui
1755 1989 2068 2076 vicisset,
2135 1994 2446 2058 victurum
2463 2012 2486 2050 Ξ

406 2080 775 2146 neminem?

541 2169 875 2234 Hodierno
951 2168 1053 2232 die
1125 2169 1410 2252 primum
1477 2169 1722 2251 [patres
1787 2167 2206 2252 conscripti]
2281 2171 2450 2254 longo

407 2256 755 2321 intervallo
824 2257 895 2320 in
965 2256 1378 2340 possessione
1440 2254 1768 2320 libertatis
1821 2254 2069 2338 pedem
2139 2259 2452 2342 ponimusy

410 2345 593 2408 cuius
652 2344 913 2427 quidem
968 2365 1118 2430 ego,
1173 2344 1388 2428 quoad
1431 2343 1645 2427 potui,
1698 2364 1832 2407 non
1876 2343 2088 2408 modo
2145 2346 2452 2418 defensor,

408 2431 520 2495 sed
566 2431 768 2495 etiam
814 2436 1232 2497 conservator
1275 2430 1391 2496 fui.
1472 2430 1638 2497 Cum
1683 2434 1902 2494 autem
1949 2431 2023 2494 id
2064 2432 2311 2498 facere
2345 2450 2484 2498 nont·

407 2540 696 2603 possem,
761 2519 1004 2602 quievi,
1066 2542 1185 2586 nec
1250 2520 1498 2584 abiecte
1557 2540 1678 2583 nec
1741 2519 1882 2582 sine
1947 2519 2200 2603 aliqua
2270 2521 2452 2606 digni·

407 2611 545 2671 tate
602 2629 823 2672 casum
878 2608 1066 2682 illum
1122 2613 1493 2692 temporum
1547 2611 1615 2672 et
1667 2606 1962 2671 dolorem
2021 2609 2186 2674 tuli.
2287 2610 2452 2674 Hanc

407 2717 559 2760 vero
616 2696 1065 2760 taeterrimam
1116 2697 1378 2761 beluam
1434 2695 1579 2779 quis
1632 2693 1803 2758 ferre
1855 2697 2098 2780 potest
2159 2703 2293 2763 aut
2349 2715 2453 2781 quo

408 2784 647 2849 modo?
740 2783 910 2860 Quid
964 2787 1066 2848 est
1117 2784 1186 2848 in
1231 2783 1522 2850 Antonio
1570 2786 1828 2867 praeter
1871 2781 2277 2870 libidinem,
2341 2806 2455 2850 cru-

406 2872 761 2955 delitatem,
796 2871 1247 2955 petulantiam,
1285 2871 1663 2937 audaciam?
1743 2870 1847 2935 Ex
1886 2869 1999 2935 his
2038 2875 2245 2938 totus
2289 2872 2490 2938 vitiiss

407 2960 898 3045 conglutinatus
972 2963 1089 3024 est.
1197 2959 1384 3025 Nihil
1453 2963 1724 3044 apparet
1785 2958 1856 3022 in
1919 2980 2000 3024 eo
2067 2960 2454 3048 ingenuum.

404 3048 589 3113 nihil.
618 3049 1049 3133 moderatum,
1101 3049 1267 3114 nihil
1311 3049 1588 3132 pudens,
1638 3046 1804 3111 nihil
1848 3046 2200 3130 pudicum.
2303 3050 2454 3126 Qua·

401 3140 698 3222 propter,
763 3138 1070 3222 quoniam
1132 3159 1237 3202 res
1302 3137 1373 3201 in
1434 3136 1502 3200 id
1566 3135 1913 3200 discrimen
1970 3135 2284 3202 adducta
2353 3141 2454 3214 est,

401 3229 625 3289 utrum
670 3225 782 3290 ille
826 3246 1072 3310 poenas
1110 3226 1205 3290 rei
1241 3225 1541 3309 publicae
1580 3224 1738 3307 luat,
1775 3245 1859 3287 an
1893 3243 2020 3287 nos
2061 3227 2452 3300 serviamus

403 3311 753 3395 aliquando
763 3364 782 3398 ,
852 3335 970 3397 per
1043 3315 1197 3378 deos
1262 3311 1697 3395 immortales,
1773 3315 1999 3394 patres
2063 3313 2450 3397 conscripti,

400 3399 688 3480 patrium
734 3401 1021 3464 animum
1067 3401 1507 3482 virtutemque
1555 3400 1915 3485 capiamuS,
1957 3403 2041 3464 ut
2087 3406 2221 3466 aut
2267 3403 2450 3467 liber·

401 3489 610 3550 tatem
662 3489 999 3572 propriam
1044 3486 1327 3550 Romani
1383 3491 1450 3550 et
1507 3487 1765 3570 generis
1821 3490 1888 3551 et
1942 3490 2256 3556 nominis
2309 3488 2452 3555 reci·
