2550 3875
450 173 578 226 XVI
1078 172 1495 228 ADNOTATIO
1533 172 1828 229 CRITIOA.

448 338 499 386 et
522 332 637 401 ipse
663 332 824 401 yessit
850 333 947 403 qui
972 338 1023 387 et
1048 334 1163 401 ipse
1188 332 1358 387 hostis
1380 332 1510 398 fuit,
1539 332 1656 366 ***
1675 332 1805 385 tulit
1821 330 2002 385 Halm.
2021 331 2073 400 Ι,
2100 353 2118 386 .·
2137 333 2234 401 qui
2262 333 2470 387 bellum

447 404 607 457 sociis
642 404 862 470 intulit,
907 404 1069 473 yessit
1102 401 1346 469 Machly,
1391 401 1560 470 Kays.
1573 443 1587 469 ,
1632 402 1756 456 Rex
1789 403 1965 471 iqitar
1998 402 2326 469 Armenius,
2365 406 2470 472 qui

448 479 499 528 et
523 474 639 541 ipse
664 473 831 527 hostis
854 474 970 539 fait
994 472 1176 526 Halm.
1197 472 1263 540 Π,
1291 474 1341 526 is
1366 473 1560 542 igitar,
1584 474 1682 541 qai
1709 473 1903 527 bellum
1926 474 2137 539 intulit,
2164 475 2264 541 qui
2291 474 2465 527 laces-

447 544 577 597 sivit
602 542 793 610 Koch.,
830 542 950 610 Eb.,
988 544 1103 598 Hic
1128 544 1321 613 iqitm,
1356 544 1452 611 qui
1479 559 1600 596 cam
1632 544 1794 601 sociis
1826 544 2028 597 ‘nostris
2065 544 2261 597 bellum
2294 546 2467 613 yessit

446 612 693 667 Richter.
730 630 785 682 p.
814 620 919 668 274
947 631 1055 681 sq„
1101 614 1314 679 Videte,
1360 615 1505 667 inter
1536 614 1633 667 hos
1838 630 1931 667 am
1965 615 2206 668 intersit.-
2253 616 2353 683 qwi
2394 646 2462 655 —

446 682 603 738 Paul.
636 701 691 752 p.
720 690 839 738 325.
870 716 939 725 —
974 683 1034 737 P.
1064 690 1147 737 27.
1171 691 1201 738 6
1230 684 1342 738 Em
1367 683 1426 749 P,
1465 683 1562 737 Eoi
1594 698 1654 736 re
1704 703 1741 747 ,ς
1779 703 1828 737 v.
1859 682 2128 737 Ribbeck.
2162 682 2460 753 ‘Beitrage

448 772 492 808 z.
520 753 698 807 Lehre
732 771 784 807 v.
814 754 867 808 d.
896 754 996 808 lat.
1024 753 1200 807 Part?
1236 771 1291 822 p.
1323 760 1408 820 31,
1447 752 1572 808 infr.
1654 798 1665 808 .
1695 760 1814 808 249.
1835 760 1920 820 23,
1957 760 2078 808 349.
2101 760 2186 820 36,
2223 760 2347 808 424.
2369 762 2458 821 26,

448 830 667 890 44236,
695 830 911 879 449.15.
929 856 996 865 -
1014 824 1074 877 Ρ.
1092 831 1175 879 27.
1192 830 1259 877 14
1276 830 1336 879 et
1361 825 1426 877 in
1445 770 1800 892 tmpffihlm.
1817 823 1868 876 Π
1884 826 2022 890 tac.;
2048 824 2122 877 ad
2145 842 2199 892 p.
2218 831 2267 878 4.
2286 830 2368 878 18.
2389 856 2461 867 -

450 895 511 948 P.
542 900 625 948 27.
652 900 716 948 15
744 896 900 949 exsul
926 895 1057 949 ante
1084 896 1267 949 haeret
1293 894 1396 947 ine.
1425 893 1660 961 Dobree,
1688 894 1809 957 Eb„
1835 896 2019 949 haeret
2041 896 2327 964 impavida
2351 897 2459 965 spl.

448 963 646 1033 Pluyg.
682 982 737 1033 p.
768 971 888 1019 333.
921 997 985 1005 -—
1023 964 1083 1019 P.
1112 972 1197 1020 27.
1218 972 1286 1019 29
1325 966 1384 1017 et
1419 964 1514 1018 all.
1590 967 1750 1019 oenit.
1777 963 1958 1019 Klotz.
1988 965 2057 1018 de
2095 981 2212 1033 suo,
2251 964 2313 1017 in
2349 964 2460 1019 hoc

446 1036 555 1090 vol.
583 1051 859 1103 nusquam
883 1034 1066 1089 Halm.
1098 1037 1197 1088 aut
1224 1034 1389 1102 Bait„
1426 1033 1532 1088 cod
1575 1076 1586 1088 .
1617 1050 1784 1104 saepe
1813 1038 1987 1105 penit.
2016 1036 2081 1088 ut
2105 1052 2160 1104 p.
2189 1042 2276 1089 84.
2299 1042 2369 1089 34
2399 1039 2462 1089 eb

451 1112 568 1158 120.
594 1111 657 1159 15
686 1106 730 1158 Ρ
758 1108 840 1174 (et
864 1105 979 1173 W),
1009 1123 1171 1176 paen.
1203 1104 1268 1173 G,
1307 1111 1426 1158 260.
1447 1112 1513 1159 32
1545 1106 1604 1159 et.
1629 1111 1747 1159 268.
1770 1112 1835 1159 31
1873 1105 2002 1173 mei,
2041 1112 2158 1160 235.
2182 1112 2248 1159 27
2278 1104 2324 1158 Τ
2366 1110 2457 1171 (ex

447 1174 493 1228 E
521 1174 665 1231 Bait.
692 1174 857 1230 affert
879 1193 1039 1246 poen.
1068 1178 1134 1229 ut
1165 1181 1279 1229 120.
1302 1178 1405 1243 15),
1443 1182 1645 1230 371.31
1674 1174 1852 1229 Vabi
1883 1178 1977 1245 (gt
2003 1179 2208 1245 pacm),
2245 1181 2367 1229 422.
2386 1184 2457 1229 33

447 1246 630 1299 Vabt
667 1250 727 1316 (g
763 1248 977 1317 paea),
1025 1252 1143 1302 547.
1165 1252 1233 1300 33
1271 1248 1331 1300 et
1368 1251 1537 1299 5481
1579 1262 1794 1315 omneS,
1833 1252 2041 1301 56510
2081 1246 2202 1312 aiv,
2241 1249 2456 1315 poenit.

446 1322 533 1370 42.
557 1322 584 1369 1
626 1315 674 1370 G
711 1316 776 1387 (P
812 1319 895 1384 et,
932 1319 997 1370 ut
1030 1315 1279 1381 videtur,
1317 1315 1390 1369 W
1418 1320 1628 1385 paeri),
1667 1322 1874 1371 233.12
1912 1316 2118 1385 TEQ‘),
2156 1322 2277 1371 311.
2298 1322 2367 1370 29
2409 1319 2456 1370 Τ

448 1391 632 1456 (paen.
670 1387 815 1441 Bait.
855 1404 922 1441 ex
958 1386 1031 1455 Ε,
1079 1384 1140 1439 in
1175 1402 1286 1454 quo
1327 1386 1384 1459 ’ρ
1411 1384 1620 1453 ubique
1655 1403 1756 1455 pro
1795 1386 2160 1456 diphthongis
2197 1403 2261 1440 ae
2297 1387 2360 1438 et.
2395 1404 2458 1441 oe

450 1456 571 1510 sine
607 1457 725 1510 ullo
764 1454 1086 1510 discrimine
1120 1455 1369 1525 positum
1405 1457 1534 1524 est’,
1570 1472 1843 1525 nusquam
1879 1474 1944 1512 ae
1971 1460 2072 1510 aut
2101 1474 2176 1523 oe,
2213 1456 2454 1510 Freund.

448 1526 567 1582 Mil.
598 1544 653 1596 p.
684 1530 791 1597 25),
832 1534 949 1581 340.
975 1534 1038 1580 16
1069 1528 1126 1579 et
1162 1533 1229 1581 36
1266 1525 1370 1579 GE
1410 1527 1480 1593 (A
1553 1530 1684 1594 en.);
1723 1527 1796 1581 ad
1829 1525 2042 1581 Cluent.
2078 1544 2133 1595 p.
2167 1533 2281 1580 131.
2306 1532 2352 1581 1.
2384 1558 2453 1567 --

448 1597 508 1649 P.
536 1604 622 1651 27.
643 1603 710 1651 32
746 1599 955 1652 iwrarit
989 1596 1168 1665 codd.,
1203 1595 1388 1649 Halm.
1416 1597 1483 1663 H,
1507 1544 1640 1664 ΞΕ,
1677 1599 1945 1653 imaveoit
1971 1597 2160 1663 schol„
2195 1595 2380 1651 Halm.
2411 1598 2453 1663 Ι,

450 1666 617 1734 KayS.
691 1666 843 1721 Dett.
890 1666 1049 1722 codd.
1094 1666 1378 1735 longiores
1431 1667 1640 1721 formas
1693 1667 1906 1721 habent
1957 1666 2046 1720 his
2096 1666 2338 1736 amplius
2381 1673 2453 1721 40

447 1736 610 1791 locis:
650 1744 697 1793 5.
720 1744 787 1792 29
825 1738 1151 1793 decreverint
1186 1739 1442 1807 (decrevit
1469 1737 1583 1803 W),
1623 1744 1793 1793 69.17
1831 1754 2103 1807 roqavero,
2146 1744 2262 1792 163.
2285 1744 2317 1791 3
2353 1755 2451 1791 no-

448 1824 709 1876 veramus,
733 1813 850 1863 181.
872 1815 937 1862 26
958 1814 1251 1878 optaverat,
1286 1813 1402 1861 192.
1423 1813 1455 1861 8
1475 1809 1884 1875 collocaverant,
1913 1814 2032 1861 212.
2053 1814 2122 1861 34
2147 1815 2455 1863 servaverat

448 1881 662 1945 (omnes
717 1879 942 1949 praeter
992 1877 1140 1947 TE),
1204 1884 1324 1935 232.
1347 1884 1414 1933 36
1468 1895 1816 1950 coynoveram
1870 1877 2042 1942 (solus
2097 1878 2142 1930 Τ
2197 1880 2449 1949 noanon),

450 1956 660 2004 237.10
695 1951 929 2005 sinerint
965 1951 1086 2019 (aut
1122 1947 1243 2004 sim.
1283 1965 1472 2003 omnes
1508 1967 1590 2018 pr.
1619 1948 1758 2018 TE),
1796 1955 1916 2003 238.
1937 1955 2003 2003 35
2043 1953 2449 2016 commovissem,

448 2026 567 2075 287.
589 2027 656 2074 35
692 2022 975 2088 necaverit,
1013 2025 1132 2074 298.
1155 2026 1187 2074 6
1222 2021 1555 2076 dubitaverit
1587 2021 1646 2074 et
1679 2021 2006 2090 coyitaverit,
2045 2027 2163 2074 313.
2185 2027 2252 2073 22
2288 2037 2450 2075 vexa—

446 2096 620 2158 verat,
660 2097 779 2146 323.
810 2097 879 2145 24
914 2092 1248 2156 audivimas,
1287 2097 1406 2144 324.
1437 2097 1468 2144 3
1504 2091 1880 2153 vindicavi-sti,
1919 2095 2035 2145 350.
2059 2096 2126 2144 14
2162 2091 2449 2156 celavisset,

450 2167 567 2215 350.
600 2168 667 2215 26
722 2162 899 2228 ivisti,
952 2167 1072 2216 354.
1104 2167 1168 2215 19
1211 2163 1632 2230 repudiaveritis
1686 2161 2064 2230 (repudiantis
2107 2161 2204 2230 A),
2259 2167 2377 2214 371.
2415 2168 2448 2214 2

446 2233 916 2314 significaverant,
972 2237 1091 2286 387.
1122 2237 1188 2286 27
1238 2233 1568 2287 liberavisset
1613 2232 2036 2315 (liberasset-a),
2092 2237 2213 2315 397.
2246 2237 2309 2284 13
2362 2233 2450 2285 in-

447 2308 1021 2438 gss?²⁷⁶“1?²⁸„a⁸.{⁶.;„effit²;
1050 2308 1470 2427 {139220'32'2‘8’
1503 2307 2135 2438 ὲὲιὲὲὲιὲῖἴῗῖἒῖἴεὲε
2163 2302 2452 2440 ..38223

447 2443 607 2510 verit,
656 2449 777 2496 447.
807 2449 901 2510 26,
949 2448 1067 2496 469.
1098 2448 1167 2496 24
1213 2444 1272 2496 et
1317 2448 1382 2496 31
1415 2459 1496 2511 sq.
1540 2443 1908 2509 iudicavistis,
1963 2449 2083 2497 447.
2113 2447 2180 2496 35
2220 2457 2296 2509 sq.
2343 2443 2448 2496 col-

450 2513 776 2568 laudavistis
812 2514 870 2566 et
904 2514 1357 2582 comprobavistis,
1395 2519 1514 2567 469.
1545 2519 1578 2566 3
1613 2514 1965 2582 emplicavero,
2011 2518 2133 2568 490.
2163 2518 2230 2567 17
2258 2514 2448 2580 priva-

447 2585 617 2650 vistis,
656 2589 775 2638 508.
800 2590 867 2636 14
902 2584 1210 2650 audivisset,
1248 2589 1366 2637 512.
1389 2590 1458 2637 30
1493 2585 1935 2652 triumphaverat,
1974 2587 2093 2636 513.
2115 2589 2147 2636 6
2173 2599 2447 2654 neqavcm,

452 2658 569 2707 515.
590 2660 625 2707 4
652 2655 1161 2721 communicavisses,
1191 2659 1310 2709 516.
1335 2659 1364 2707 7
1393 2655 1859 2724 colliqavissemus,
1888 2659 2006 2707 533.
2029 2658 2095 2706 37
2123 2652 2446 2719 iudicavem,

450 2729 569 2777 548.
591 2729 659 2777 30
695 2725 1051 2794 probavistis,
1102 2729 1309 2778 556.21
1346 2725 1531 2790 ivisse,
1580 2729 1698 2778 567.
1720 2730 1787 2778 29
1823 2724 2232 2789 desideraverit,
2277 2729 2395 2777 568.
2419 2729 2445 2775 1

448 2797 903 2861 conservaverint,
966 2793 1249 2848 breviores
1313 2793 1402 2847 his
1464 2792 1694 2862 viginti:
1760 2798 1843 2849 88.
1865 2800 1933 2848 35
1997 2794 2447 2860 accommodastis,

453 2869 569 2918 182.
592 2871 660 2919 34
723 2866 850 2919 Asc.
902 2866 1261 2931 collocamwnt,
1328 2870 1447 2918 307.
1469 2871 1538 2918 24
1590 2865 1909 2933 implerwnt,
1973 2868 2182 2918 350.19
2241 2865 2450 2934 myasti

449 2934 690 3004 (FAW),
720 2941 839 2990 354.
862 2942 929 2989 37
946 2941 1196 3002 vocasset,
1226 2940 1346 2988 380.
1364 2940 1396 2989 5
1415 2936 1705 3001 collocasti,
1727 2939 1846 2988 386.
1864 2940 1931 2987 36
1951 2933 2210 3000 liberasti,
2228 2939 2447 3000 421.17,

449 3011 677 3071 46820,
716 3011 835 3060 636.
858 3013 889 3060 8
925 3007 1238 3070 iudicastis,
1277 3010 1488 3060 427.13
1525 3006 1856 3074 compilarit,
1895 3009 1961 3057 21
2001 3006 2235 3071 maa-ara,
2272 3011 2335 3058 27
2367 3021 2446 3072 sq.

448 3077 743 3200 222
916 3077 1498 3200 ...m
1515 3075 2446 3214 ..mmmm

451 3221 622 3271 536.7
669 3188 971 3282 exbitastis,
1019 3221 1188 3269 556.1
1238 3187 1563 3287 ἑορηοεεωη,
1620 3215 1694 3268 ad
1746 3187 1801 3285 pff
1843 3221 2040 3282 11.13,
2087 3222 2247 3281 31.3,
2293 3187 2446 3282 681,

449 3289 534 3337 81.
556 3291 641 3352 29,
688 3293 772 3341 88.
794 3291 879 3354 35,
928 3291 1046 3340 124.
1069 3291 1117 3352 7,
1170 3290 1292 3340 200.
1312 3291 1398 3353 26,
1444 3290 1563 3340 312.
1584 3293 1670 3354 23,
1717 3291 1836 3341 358.
1858 3293 1909 3353 2,
1956 3291 2074 3341 362.
2096 3292 2182 3354 27,
2227 3291 2342 3338 370.
2362 3292 2445 3352 23,

448 3359 622 3408 4181
664 3357 722 3408 et
757 3361 851 3423 28,
898 3361 1133 3423 47613,
1182 3361 1393 3411 52818
1468 3356 1540 3410 ad
1578 3356 1772 3425 Pomp.
1809 3374 1864 3425 p.
1894 3362 1978 3411 79.
2000 3363 2085 3410 36.
2123 3387 2194 3396 —
2227 3355 2283 3409 P.
2311 3361 2392 3409 28.
2415 3361 2446 3410 5

448 3427 563 3492 ipse
606 3427 722 3479 eius
766 3427 826 3479 et
868 3425 1026 3480 Paul.
1062 3444 1117 3494 p.
1156 3431 1257 3479 308
1307 3428 1366 3480 et
1404 3398 1611 3479 ’Ebora
1649 3457 1722 3468 -
1756 3424 1814 3483 P.
1846 3431 1982 3482 28.8
2021 3427 2151 3481 talis
2194 3441 2290 3494 pro
2335 3428 2448 3480 eias

448 3493 652 3559 Halm..
680 3495 798 3564 Eb„
823 3495 977 3564 quod
998 3495 1059 3550 in
1076 3495 1119 3548 P
1138 3495 1366 3550 litterae
1384 3498 1435 3551 ei
1449 3511 1524 3552 m.
1545 3504 1577 3551 2
1599 3496 1842 3568 scriptae
1862 3499 2010 3553 sunt.
2027 3529 2092 3537 —
2111 3498 2174 3551 P.
2195 3501 2275 3549 28.
2291 3502 2352 3550 10
2367 3513 2444 3564 sq.
