2550 3875
292 187 428 251 450
563 185 644 239 IN
682 186 755 240 M.
795 183 1191 240 ANTONIUM
1230 184 1498 241 ORATIO
1535 141 1952 238 PH1L1P1310A
1987 184 2056 240 v.

293 348 617 412 maiorum
691 347 1022 430 capiamus
1097 347 1451 410 exordium.
1571 345 1772 412 Cuius
1844 351 1921 411 ut
1995 347 2342 430 superiora

296 436 628 518 omittam,
685 456 849 518 quae
906 439 1059 498 sunt
1112 435 1399 498 maxima
1452 435 1570 498 illa
1625 435 1912 518 quidem,
1959 435 2073 499 sed
2119 435 2340 500 adhuc

293 524 634 588 hominum
687 524 901 608 magis
957 522 1215 587 iudiciis
1273 544 1471 605 quam
1526 523 1787 606 publice
1843 523 2136 606 laudata,
2194 523 2340 607 qui-

294 613 575 676 busnam
650 611 867 675 verbis
952 610 1091 676 eius
1164 610 1389 674 laudes
1461 610 1656 674 huius
1728 611 1937 694 ipsius
2010 612 2337 694 temporis

293 699 604 783 consequi
665 699 1059 783 possumus?
1168 696 1400 782 Neque
1466 699 1640 763 enim
1698 699 1906 762 ullam
1962 700 2334 764 mercedem
2401 723 2434 763 5

292 791 483 852 tanta
525 787 735 852 virtus
778 791 1039 871 praeter
1082 787 1251 851 hanc
1298 786 1509 851 laudis
1555 786 1933 872 gloriaeque
1979 787 2338 871 desiderat3

298 898 427 960 qua
462 876 664 940 etiam
702 876 761 941 si
797 879 1031 959 careat,
1077 879 1300 939 tamen
1337 874 1425 939 sit
1463 897 1531 940 se
1569 875 1716 958 ipsa
1743 877 2068 958 contenta,
2107 897 2336 959 quam-

299 985 495 1048 quam
538 964 610 1028 in
655 963 972 1028 memoria
1016 966 1358 1064 gratorum
1406 963 1646 1028 civium
1691 967 2031 1047 tamquam
2074 963 2146 1027 in
2183 964 2336 1029 luce

295 1052 517 1136 posita
543 1053 843 1116 laetetur.
908 1051 1129 1116 Laus
1111 1074 1136 1115 1
1187 1051 1319 1116 tur
1345 1051 1570 1116 iudicii
1597 1051 2088 1134 testimoniique
2114 1053 2336 1115 nostri

206 1150 275 1199 36
298 1141 645 1206 tribuenda
679 1139 890 1204 Bruto
930 1143 1047 1204 est.
1200 1161 1354 1203 uam
1393 1140 1477 1203 ob
1517 1161 1656 1203 rem
1690 1139 1796 1203 his
1836 1139 2070 1223 verbis,
2106 1143 2335 1223 patres
2371 1163 2437 1203 ιο

292 1228 677 1381 ἓῖωέῗζιῖῗὲ
720 1228 1406 1400 Ἐξέἓῂἕὲῗέζὲἒ
1442 1227 2336 1400 ῗέἐῗέἓὲιῗῗθὲἰῖἓῃᾏᾞ

294 1404 634 1469 Galliam
614 1426 686 1469 m
721 1407 984 1468 senatus
1022 1404 1378 1488 populique
1407 1402 1689 1468 Romani
1724 1407 2055 1487 potestate
2089 1407 2336 1487 teneat,

293 1514 569 1577 cumque
616 1493 971 1556 exercitum
1015 1496 1276 1556 tantum
1321 1496 1460 1556 tam
1506 1492 1687 1556 brevi
1733 1495 2026 1593 tempore
2063 1513 2327 1556 summo

294 1581 512 1645 studio
551 1580 1054 1664 municipiorum
1091 1581 1622 1664 coloniarumque
1659 1580 2033 1664 provinciae
2072 1578 2330 1644 Galliae
2365 1603 2428 1643 15

295 1669 541 1752 optime
579 1668 657 1732 de
686 1690 757 1732 re
783 1667 1048 1752 publica
1075 1669 1348 1732 meritae
1377 1668 1816 1752 merentisque
1846 1669 2335 1753 conscripserit,

293 1756 719 1840 compararit,
774 1756 841 1820 id
887 1777 1037 1820 eum
1081 1760 1257 1821 recte
1306 1761 1374 1820 et
1421 1757 1646 1821 ordine
1694 1779 1898 1840 exque
1947 1778 2017 1821 re
2061 1757 2336 1840 publica

290 1843 551 1927 fecisse,
605 1844 801 1927 idque
855 1843 936 1909 D.
981 1843 1176 1908 Bruti
1220 1845 1860 1928 praestantissimum
1903 1844 2214 1910 meritum
2259 1845 2337 1910 in

292 1956 432 1998 rem
475 1932 808 2017 publicam
846 1933 1103 1997 senatui
1138 1933 1512 2017 populoque
1549 1931 1846 1999 Romano
1885 1939 2149 2019 gratum
2185 1956 2334 1999 esse

298 2026 366 2086 et
410 2021 569 2086 fore.
661 2020 892 2104 Itaque
948 2025 1248 2086 senatum
1293 2022 1736 2106 populumque
1782 2022 2154 2087 Romanum
2200 2024 2334 2087 exi-
2363 2046 2424 2085 20

294 2110 562 2174 stimare
590 2108 671 2174 D.
698 2108 894 2173 Bruti
930 2108 1366 2192 imperatoris,
1404 2110 1689 2173 consulis
1727 2110 2071 2194 designati,
2110 2131 2336 2195 opera,

292 2197 595 2281 consilio,
640 2197 886 2261 virtute
930 2196 1422 2280 incredibilique
1471 2197 1687 2261 studio
1725 2201 1794 2261 et
1831 2218 2150 2262 consensu
2183 2220 2336 2281 pro-

294 2285 543 2349 vinciae
593 2283 845 2348 Galliae
901 2285 995 2349 rei
1040 2285 1343 2368 publicae
1389 2284 1796 2349 difficillumo
1844 2289 2137 2369 tempore
2186 2307 2333 2354 esse

202 2392 272 2440 37
296 2372 729 2437 subventum?
837 2370 1010 2437 Huic
1074 2377 1262 2437 tanto
1329 2374 1566 2438 merito
1628 2372 1848 2458 Bruti,
1902 2378 2125 2458 patres
2181 2395 2333 2439 con-

294 2460 553 2543 scripti,
608 2464 925 2543 tantoque
980 2460 1050 2524 in
1104 2483 1242 2525 rem
1288 2462 1620 2545 publicam
1666 2462 1981 2526 beneficio
2031 2462 2176 2545 quis
2224 2468 2334 2527 est
2361 2486 2420 2526 25

292 2552 518 2612 tantus
564 2547 775 2613 honos
824 2548 936 2632 qui
972 2570 1107 2613 non
1143 2549 1498 2613 debeatur?
1577 2550 1642 2615 N
1645 2571 1770 2633 am,
1816 2551 1872 2614 si
1908 2548 1998 2616 M.
2033 2550 2332 2615 Antonio

291 2636 615 2720 patuisset
672 2634 915 2720 Gallia,
981 2637 1039 2701 si
1104 2637 1434 2721 oppressis
1500 2637 1870 2721 municipiis
1927 2642 1994 2702 et
2051 2639 2330 2703 coloniis

290 2724 611 2809 inparatis
647 2724 719 2788 in
753 2724 939 2789 illam
965 2725 1268 2789 ultimam
1300 2724 1587 2790 Galliam
1612 2730 1952 2809 penetrare
1981 2727 2332 2811 potuisset,

292 2817 578 2896 quantus
638 2813 733 2877 rei
787 2813 1086 2897 publicae
1142 2817 1356 2878 terror
1407 2814 1854 2897 impenderet?
1953 2813 2331 2898 Dubitaret‚

293 2902 503 2985 credo,
546 2901 745 2965 homo
794 2901 1282 2966 amentissimus
1330 2905 1526 2985 atque
1573 2902 1643 2965 in
1689 2902 1992 2967 omnibus
2033 2903 2329 2969 consiliis
2359 2926 2416 2965 ao

291 3010 602 3072 praeceps
660 2992 727 3052 et
781 2989 1006 3053 devius
1049 3011 1184 3053 non
1230 2990 1444 3054 solum
1490 3012 1637 3053 cum
1684 2990 1973 3054 exercitu
2020 3012 2165 3074 suo,
2213 2994 2332 3055 sed

294 3076 492 3141 etiam
539 3097 687 3142 cum
734 3077 911 3141 omni
956 3077 1368 3142 immanitate
1413 3078 1756 3142 barbariae
1802 3078 2050 3143 bellum
2086 3078 2330 3145 inferre

291 3165 504 3247 nobis,
547 3167 625 3228 ut
670 3164 808 3228 eius
854 3162 1142 3229 furorem
1186 3188 1268 3229 ne
1316 3164 1587 3249 Alpium
1629 3166 1891 3249 quidem
1926 3188 2112 3231 muro
2152 3168 2329 3232 cohi-

292 3252 445 3317 bere
500 3273 859 3336 possemus.
958 3252 1139 3316 Haec
1198 3253 1406 3338 igitur
1459 3253 1760 3318 habenda
1815 3255 2033 3339 gratia
2087 3259 2188 3319 est
2241 3254 2326 3319 D.

292 3339 523 3423 Bruto,
561 3339 674 3423 qui
710 3340 899 3403 illum
932 3340 1222 3405 nondum
1257 3341 1651 3424 interposita
1687 3343 2076 3408 auctoritate
2104 3346 2328 3408 vestra
2355 3362 2408 3403 ω

294 3447 411 3489 suc
470 3425 743 3491 consilio
805 3430 1000 3510 atque
1060 3428 1300 3492 iudicio
1354 3450 1488 3493 non
1539 3434 1616 3493 ut
1672 3432 2007 3496 consulem
2059 3432 2327 3517 recepit,

294 3512 406 3575 sed
450 3516 527 3576 ut
561 3513 822 3577 hostem
861 3515 1071 3578 arcuit
1112 3513 1328 3579 Gallia
1365 3537 1560 3599 seque
1601 3518 1885 3583 obsideri
1923 3542 2121 3603 quam
2154 3519 2324 3585 hanc
