2550 3875
343 168 476 234 392
602 169 699 264 ‘IN
734 169 809 225 M.
847 169 1239 255 ANTONIUM
1276 168 1548 224 ORATIO
1585 167 1995 244 PHILIPPICA
2031 169 2102 223 Π.

254 351 325 400 50
345 331 648 416 gratiam.
750 331 1074 408 Quaestor
1136 353 1204 396 es
1268 330 1511 416 factus3
1573 331 1802 395 deinde
1864 332 2176 396 continuo
2236 333 2390 403 sine

344 423 611 484 senatus
668 420 995 503 consulto,
1323 423 1450 502 rte,
1506 419 1672 483 sine.
1698 420 1844 504 lege
1897 420 1979 483 ad
2023 419 2389 486 Caesarem
2497 429 2502 432 ’

346 507 709 572 cucurristi.
808 507 886 571 Id
943 508 1047 572 eni
1427 508 1498 573 in
1551 508 1744 572 terris
1800 508 2145 592 egestatis,
2202 510 2386 572 aeris

346 595 570 679 alieni,
627 595 958 679 nequitiae
1013 619 1093 680 pe
1344 596 1518 672 vitae
1573 595 1940 662 rationibus
1995 596 2384 682 perfugium

346 704 488 748 esse
552 683 850 748 ducebas.
941 683 1045 749 Ibi
1101 688 1167 748 te
1546 684 1725 748 illius
1779 684 2248 769 largitionibus
2307 689 2384 749 et
2437 704 2468 744 5

346 771 479 835 tuis
534 772 782 855 rapinis
839 772 1258 856 explevisses,
1607 775 1709 836 est
1757 772 2044 855 explere,
2098 773 2384 854 haurire,

347 860 522 943 quod
567 861 795 924 statim
842 860 1149 946 effundas,
1200 860 1524 925 advolasti
1569 881 1766 945 egens
1813 861 1896 924 ad
1939 861 2382 944 tribunatum,

343 952 421 1011 ut
464 948 536 1012 in
579 969 656 1014 eo
704 948 1124 1034 magistratu,
1175 949 1233 1014 si
1276 970 1531 1033 posses,
1576 949 1702 1012 viri
1747 948 1847 1013 tui
1893 948 2129 1014 similis
2178 970 2380 1014 esses,

239 1043 319 1106 21
479 1036 779 1120 Accipite
834 1059 1056 1120 nunc,-
1091 1059 1359 1120 quaeso,
1411 1059 1547 1102 non
1601 1059 1702 1121 ea,
1757 1058 1926 1120 quae
1977 1037 2120 1120 ipse
2175 1037 2248 1101 in
2303 1058 2381 1102 se

346 1127 542 1207 atque
595 1125 667 1189 in
720 1125 1150 1190 domesticum
1204 1127 1400 1189 decus
1445 1125 1678 1209 inpure
1723 1129 1792 1188 et
1833 1125 2371 1209 intemperanter,
2408 1145 2460 1183 ιο

345 1212 460 1276 sed
514 1235 677 1296 quae
731 1213 801 1276 in
853 1235 975 1277 nos
1030 1213 1458 1297 fortunasque
1512 1218 1799 1297 nostras,
1853 1213 1921 1276 id
1971 1218 2074 1278 est
2116 1214 2188 1278 in
2231 1215 2378 1278 uni-

343 1321 601 1364 versam
654 1323 794 1365 rem
847 1301 1206 1385 publicam,
1260 1302 1460 1385 impie
1511 1324 1588 1366 ac
1631 1301 1878 1366 nefarie
1924 1300 2169 1366 fecerit.
2261 1301 2374 1366 Ab

344 1388 539 1454 huius
578 1389 751 1452 enim
780 1390 1021 1453 scelere
1054 1390 1345 1455 omnium
1372 1390 1694 1454 malorum
1721 1388 2114 1473 principium
2138 1394 2373 1454 natum

257 1487 322 1533 51
346 1477 704 1559 reperietis
804 1476 1004 1558 Nam,
1060 1499 1208 1543 cum
1265 1477 1339 1541 L.
1394 1477 1674 1542 Lentulo
1730 1477 1800 1542 O.
1855 1476 2166 1542 Marcello
2221 1500 2372 1542 con-

346 1564 599 1628 sulibus
627 1563 947 1629 Kalendis·
967 1564 1290 1630 Ianuariis
1327 1566 1657 1630 labentem
1693 1570 1761 1630 et
1796 1587 1999 1650 prope
2029 1565 2368 1631 cadentem
2399 1584 2452 1623 1⁵

344 1673 485 1715 rem
528 1653 859 1734 publicam
903 1653 1133 1718 fulcire
1179 1655 1504 1738 cuperetis
1550 1654 1805 1737 ipsique
1851 1651 1921 1719 G.
1969 1653 2260 1736 Caesari,
2311 1654 2368 1717 si

346 1761 507 1803 sana
542 1744 759 1804 mente
798 1746 989 1825 esset,
1027 1743 1362 1807 consulere
1399 1741 1674 1826 velletis,
1710 1745 1855 1806 tum
1880 1741 2008 1805 iste
2034 1742 2367 1806 venditum

346 1831 541 1912 atque
590 1830 1069 1914 emancipatum
1114 1831 1525 1895 tribunatum
1572 1829 1862 1894 consiliis
1898 1830 2135 1894 vestris
2175 1851 2366 1913 oppo-

347 1917 482 1981 suit
546 1918 955 2002 cervicesque
1020 1941 1171 1983 suas
1234 1919 1296 1983 61
1356 1918 1635 1984 subiecit
1689 1918 1924 2002 securi,
1990 1940 2120 2002 qua
2176 1919 2364 1983 multi

344 2006 708 2071 minoribus
762 2007 834 2071 in
877 2008 1162 2091 peccatis
1210 2007 1603 2073 occiderunt.
1693 2006 1774 2071 In
1818 2011 1911 2091 te,
1965 2007 2052 2071 M.
2099 2007 2362 2089 Antoni,
2391 2016 2438 2065 20

232 2102 239 2110 ’
347 2095 412 2158 Id
458 2095 745 2159 decrevit
791 2099 1075 2179 senatuS,
1121 2100 1188 2159 et
1235 2095 1494 2179 quidem
1538 2095 1884 2160 incolumis
1928 2095 2220 2160 nondum
2264 2099 2364 2160 tot

343 2182 701 2246 luminibus
748 2183 1071 2267 extinctiS,
1124 2185 1297 2267 quod
1340 2184 1412 2248 in
1453 2184 1714 2247 hostem
1759 2186 2064 2268 togatum
2111 2184 2362 2249 decerni

344 2275 449 2334 est
504 2270 774 2334 solitum
823 2293 1005 2337 more
1051 2272 1392 2336 maiorum.
1479 2271 1572 2335 Et
1616 2276 1690 2335 tu
1737 2271 1908 2355 apud
1929 2276 2175 2355 patres
2224 2293 2362 2337 con·

345 2358 627 2440 scriptos
665 2362 895 2423 contra
932 2381 1035 2423 me
1072 2360 1284 2425 dicere
1322 2380 1516 2423 ausus
1555 2382 1642 2444 68,
1680 2382 1828 2425 cum
1865 2359 1948 2423 ab
1985 2360 2112 2425 hoc
2143 2360 2358 2425 ordine

346 2466 471 2530 ego
517 2450 935 2511 conservator
981 2469 1218 2531 essem,
1267 2452 1343 2511 tu
1386 2448 1600 2511 hostis
1646 2448 1742 2513 rei
1785 2448 2088 2532 publicae
2131 2447 2360 2513 iudica·
2384 2466 2439 2506 25-

343 2534 498 2599 tus‘?
572 2532 1122 2601 Commemoratio
1166 2536 1346 2600 illius
1392 2535 1492 2599 tui
1538 2536 1801 2601 sceleris
1838 2537 2214 2601 intermissa
2249 2541 2359 2619 est,

342 2644 478 2687 non
550 2624 865 2687 memoria
931 2624 1159 2688 deleta.
1266 2623 1443 2688 Dum
1507 2646 1712 2709 genus
1775 2625 2144 2708 hominum,
2215 2625 2359 2688 dum

344 2710 572 2795 populi
626 2711 909 2776 Romani
962 2734 1201 2777 nomen
1251 2712 1502 2776 extabit
1549 2710 1751 2798 (quod
1797 2712 2058 2796 quidem
2103 2713 2255 2796 erit,
2307 2713 2359 2777 si

343 2822 464 2883 per
506 2803 572 2863 te
616 2800 868 2885 licebit,
924 2800 1447 2885 sempiternum),
1497 2803 1614 2864 tua
1655 2801 1774 2864 illa
1816 2800 2130 2884 pestifera
2171 2801 2359 2865 inter-

255 2899 323 2947 52
346 2888 552 2953 cessio
588 2888 1054 2952 nominabitur.
1110 2888 1281 2964 Quid
1318 2888 1547 2971 cupide
1585 2910 1624 2952 a
1657 2892 1905 2972 senatu,
1941 2889 2097 2973 quid
2123 2892 2357 2953 temere
2381 2908 2430 2947 ³0

343 2975 571 3060 fiebat,
637 2998 784 3040 cum
847 2980 922 3040 tu
984 2998 1155 3040 unus
1214 2977 1590 3041 adulescens
1645 2977 2022 3042 universum
2075 2978 2360 3041 ordinem

344 3064 685 3128 decernere
748 3063 826 3128 de
892 3065 1103 3129 salute
1166 3065 1263 3129 rei
1319 3065 1618 3148 publicae
1671 3065 2099 3150 prohibuisti,
2159 3088 2358 3151 neque

346 3151 562 3231 semel,
600 3152 712 3215 sed
750 3153 1028 3237 saepius,
1062 3174 1270 3237 neque
1308 3158 1385 3218 tu
1420 3157 1637 3218 tecum
1673 3154 1750 3217 de
1787 3158 2055 3219 senatus
2092 3155 2360 3219 auctori-

344 3242 481 3303 tate
537 3240 647 3324 agi
700 3261 935 3323 passus
988 3241 1103 3305 es‘?
1204 3240 1373 3317 Quid
1428 3245 1646 3306 autem
1701 3242 2045 3327 agebatur,
2102 3241 2236 3320 nisi
2282 3264 2356 3307 ne

344 3326 545 3389 deleri
600 3331 667 3391 et
716 3327 921 3391 everti
965 3350 1106 3392 rem
1148 3329 1482 3412 publicam
1524 3329 1820 3393 funditus
1864 3330 2110 3395 velles?
2202 3329 2354 3396 Cum
2379 3347 2426 3388 35
2541 3358 2544 3415 ξ

345 3416 410 3475 te
472 3434 680 3497 neque
742 3414 1071 3498 principes
1134 3416 1420 3481 civitatis
1475 3418 1766 3505 rogando
1821 3440 2031 3503 neque
2085 3419 2355 3483 maiores

344 3502 505 3561 natu
550 3501 871 3565 monendo
915 3524 1123 3585 neque
1168 3502 1472 3589 frequens
1515 3510 1778 3570 senatus
1817 3507 2068 3593 agendo
2107 3508 2184 3572 de
2223 3529 2355 3573 ven-
2541 3478 2543 3599 l
