2550 3875
361 193 492 257 346
811 191 952 246 PRO
991 190 1184 244 REGE
1221 189 1589 245 DEIOTARO
1628 188 1915 245 ORATIO.

363 376 560 439 quam
614 354 684 418 in
736 352 1206 436 disceptatione
1262 356 1521 417 versata
1576 355 1702 434 est,
1758 351 1900 416 dico
1947 351 2123 414 intra
2170 349 2382 412 dome-

364 443 565 507 sticos
610 440 912 524 parietes,
959 440 1101 504 dico
1150 444 1335 504 extra
1375 402 1766 505 conventiim
1803 442 1870 503 et
1907 461 2051 503 eam
2087 437 2383 519 frequen-

362 530 553 612 tiam,
617 528 688 592 in
750 549 878 610 qua
941 532 1274 592 oratorum
1340 527 1561 592 studia
1620 527 1747 591 niti
1812 528 2051 610 solent3
2114 525 2185 589 in
2247 525 2379 588 tuis

364 616 641 700 oculis,'
623 638 694 679 m
729 619 844 680 tuo
884 637 994 680 ore
1031 617 1343 699 vultuque
1382 615 1745 699 adquiesco,
1780 619 1848 679 te
1875 636 2077 678 unum
2104 613 2381 695 intueor,

361 705 443 769 ad
471 709 537 768 te
555 726 757 767 unum
791 703 1002 768 omnis
1023 725 1166 767 mea
1186 708 1440 787 spectat
1461 704 1699 787 orati03
1728 725 1892 786 quae
1912 701 2077 766 mihi
2096 701 2176 764 ad
2198 721 2381 784 spem
2429 711 2455 752 ⁵

361 791 748 876 optinendae
786 791 1085 856 veritatis
1125 792 1514 876 gravissima
1553 795 1723 875 sunt,
1770 792 1852 855 ad
1888 794 2143 854 motum
2182 788 2383 852 animi

362 884 430 945 et
458 880 540 944 ad
569 901 827 944 omnem
853 879 1172 962 impetum
1200 879 1452 944 dicendi
1483 879 2089 961 contentionemque
2116 877 2381 941 leviora.

307 967 549 1032 GHanc
614 968 786 1032 enim
851 989 1138 1050 causam,
1194 965 1262 1032 O.
1321 965 1586 1050 Caesar,
1654 967 1710 1030 si
1773 967 1843 1030 in
1900 966 2043 1030 foro
2102 965 2383 1028 dicerem

363 1057 589 1120 eodem
635 1055 934 1120 audiente
980 1059 1046 1119 et
1093 1054 1495 1138 disceptante
1542 1059 1636 1138 te,
1687 1057 1999 1138 quantam
2044 1052 2207 1118 mihi
2258 1052 2383 1116 ala-

363 1145 666 1209 critatem
736 1143 964 1227 populi
1036 1142 1316 1207 Romani
1385 1164 1733 1208 concursus
1798 1141 2107 1206 adferret!
2222 1139 2382 1216 Quis
2410 1153 2455 1190 1⁰

362 1233 536 1297 enim
584 1231 742 1296 civis
791 1231 850 1295 ei
896 1230 1036 1314 regi
1081 1252 1213 1294 non
1258 1230 1523 1314 faveret,
1572 1230 1753 1294 0111118
1802 1251 2059 1294 0111116111
2098 1231 2386 1293 aetatem

360 1320 430 1383 in
465 1318 694 1403 populi
724 1318 1003 1382 Romani
1040 1318 1232 1382 bellis
1272 1323 1728 1401 consumptam
1764 1339 1905 1383 esse
1934 1315 2384 1381 meminisset?

363 1405 741 1490 Spectarem
806 1405 1080 1488 curiam,
1145 1406 1435 1470 intuerer
1492 1406 1735 1489 forum,
1801 1405 2053 1470 caelum
2107 1403 2385 1486 denique

361 1498 641 1558 testarer
698 1493 931 1576 ipsum.
1015 1491 1122 1558 Sic
1179 1516 1326 1558 cum
1372 1497 1439 1557 et
1484 1493 1750 1558 deorum
1795 1492 2273 1557 immortalium
2318 1494 2385 1555 et

361 1580 585 1665 populi
642 1580 922 1645 Romani
987 1585 1054 1644 et
1110 1584 1372 1646 senatus
1427 1581 1740 1645 beneficia
1795 1581 1865 1644 in
1917 1601 2139 1666 regem
2193 1579 2385 1643 Deio·
2412 1588 2457 1628 1⁶

363 1672 579 1732 tarum
607 1669 998 1752 recordarer,
1023 1668 1204 1732 nullo
1233 1669 1427 1733 modo
1458 1669 1623 1732 mihi
1650 1669 1870 1733 deesse
1899 1673 2124 1752 posset
2153 1667 2384 1732 oratio.

310 1766 342 1816 7
370 1755 548 1831 Quae
613 1756 922 1839 quoniam
985 1756 1367 1840 angustiora
1427 1756 1711 1839 parietes
1776 1756 2027 1820 faciunt
2082 1755 2386 1839 actioque

362 1844 682 1908 maximae
721 1866 950 1909 causae
989 1844 1370 1908 debilitatur
1402 1845 1567 1928 loco,
1603 1848 1789 1909 tuum
1819 1848 1937 1926 est,
1977 1843 2236 1925 Caesar,
2276 1843 2386 1928 qui

359 1955 480 2016 pro
508 1933 734 1998 multis
764 1955 954 2017 saepe
983 1932 1221 2010 dixisti,
1251 1932 1405 2017 quid
1432 1932 1593 1997 mihi
1625 1955 1797 1999 nunc
1824 1932 2024 1997 animi
2054 1933 2160 2016 sit,
2199 1931 2281 1997 ad
2320 1935 2385 1996 te

359 2021 577 2104 ipsum
641 2020 908 2105 referre,
972 2043 1099 2104 quo
1165 2020 1422 2085 facilius
1487 2043 1634 2085 cum
1696 2020 1989 2104 aequitas
2044 2025 2185 2105 tua,
2243 2024 2387 2084 tum
2412 2040 2459 2079 zo

363 2108 662 2172 audiendi
698 2108 1038 2192 diligentia
1075 2109 1328 2172 minuat
1362 2109 1530 2173 hanc
1564 2109 2124 2192 perturbationem
2153 2130 2386 2172 meam.

289 2270 292 2275 ¹
499 2194 625 2259 Sed
667 2200 1016 2279 antequam
1053 2196 1129 2260 de
1169 2197 1579 2261 accusatione
1617 2197 1763 2279 ipsa
1799 2196 1962 2278 dico,
2010 2196 2085 2259 de
2126 2217 2387 2260 accusa-

361 2287 581 2346 torum
654 2304 766 2366 spe
844 2306 1052 2367 pauca
1123 2284 1363 2367 dicam3
1445 2284 1558 2367 qui
1630 2306 1777 2347 cum
1850 2283 2193 2348 videantur
2266 2306 2387 2348 1160

360 2369 622 2453 ingenio
694 2392 815 2435 nec
886 2393 1009 2435 usu
1083 2375 1279 2454 atque
1350 2372 1812 2436 exercitatione
1876 2393 2094 2435 rerum
2148 2372 2388 2456 valere,

366 2461 587 2521 tamen
641 2458 720 2521 ad
773 2458 942 2523 hanc
998 2480 1260 2523 causam
1309 2480 1442 2523 non
1489 2460 1624 2522 sine
1672 2459 1889 2543 aliqua
1936 2480 2049 2542 spe
2096 2463 2162 2523 et
2210 2461 2389 2544 cogi·
2414 2478 2461 2517 25

307 2544 613 2640 8tatione
659 2551 989 2610 venerunt.
1064 2546 1318 2611 Iratum
1364 2550 1429 2609 te
1476 2547 1617 2631 regi
1651 2545 1964 2611 Deiotaro
2010 2546 2214 2610 fuisse
2251 2568 2388 2611 non

307 2591 550 2696 8erant
602 2634 832 2717 nescii3
888 2634 1214 2698 adfectum
1269 2634 1457 2697 illum
1513 2634 1900 2734 quibusdam
1950 2634 2386 2699 incommodis

362 2725 429 2784 et
475 2721 881 2785 detrimentis
927 2726 1194 2805 propter
1238 2721 1661 2786 offensionem
1703 2721 1903 2785 animi
1940 2722 2039 2785 tui
2075 2722 2383 2786 memine-

360 2812 537 2892 rant,
593 2813 783 2891 teque
833 2831 980 2874 cum
1024 2809 1176 2874 huic
1223 2809 1491 2893 iratum,
1544 2813 1687 2874 tum
1734 2810 1863 2873 sibi
1908 2810 2189 2874 amicum
2236 2831 2383 2875 esse

362 2901 828 2980 cognoverant,
883 2918 1155 2979 cumque
1211 2897 1381 2980 apud
1426 2897 1642 2980 ipsum
1688 2901 1754 2960 te
1800 2897 1878 2960 de
1922 2900 2039 2962 tuo
2083 2897 2379 2980 periculo
2410 2918 2461 2956 so

361 2983 678 3067 dicerent,
724 2983 862 3047 fore
908 2985 1228 3067 putabant
1273 2989 1349 3048 ut
1394 2984 1464 3048 in
1510 2985 1878 3049 exulcerato
1926 2985 2140 3049 animo
2186 2984 2384 3050 facile

360 3070 586 3135 fictum
634 3071 877 3135 crimen
922 3071 1250 3136 insideret.
1342 3071 1552 3147 Quam
1599 3073 1683 3136 ob
1730 3094 1868 3136 rem
1912 3072 2039 3137 hoc
2083 3094 2204 3137 nos
2251 3073 2383 3156 pri-

362 3179 541 3221 mum
587 3162 794 3243 metu,
841 3156 1097 3243 Caesar,
1146 3181 1263 3242 per
1308 3160 1503 3223 fidem
1548 3164 1616 3224 et
1662 3160 2101 3225 constantiam
2144 3164 2212 3223 et
2260 3160 2382 3225 cle-

362 3245 676 3308 mentiam
719 3249 900 3309 tuam
946 3248 1169 3347 libera,
1212 3268 1295 3311 ne
1341 3248 1621 3311 residere
1666 3248 1736 3311 in
1780 3252 1847 3311 te
1882 3249 2086 3311 ullam
2121 3252 2381 3331 partem

361 3331 731 3396 iracundiae
789 3334 1206 3416 suspicemur.
1298 3334 1423 3399 Per
1478 3335 1809 3399 dexteram
1863 3336 2063 3399 istam
2117 3339 2183 3399 te
2240 3358 2376 3421 oro,
2404 3354 2451 3393 3⁵

361 3438 559 3498 quam
614 3420 754 3502 regi
798 3419 1110 3484 Deiotaro
1157 3421 1395 3503 hospes
1440 3422 1687 3522 hospiti
1731 3424 2107 3507 porrexisti,
2160 3422 2377 3504 istam,

365 3503 647 3587 inquam,
693 3507 1023 3569 dexteram
1065 3528 1200 3571 non
1247 3510 1436 3588 [tam]
1484 3510 1553 3571 in
1598 3510 1788 3574 bellis
1834 3532 1952 3576 nec
1998 3511 2068 3575 in
2109 3510 2379 3593 proeliis
