2550 3875
708 595 803 670 M.
862 597 1145 670 TULLI
1200 598 1699 672 CICERONIS

540 775 746 861 PRO
811 775 897 880 Q.
962 777 1401 864 LIGARIO
1466 779 1875 866 ORATIO.

1099 984 1313 992 ——————

874 1154 1114 1220 ARGU
1121 1155 1313 1220 MEN
1318 1155 1525 1224 TUM.

336 1311 400 1376 Q.
438 1310 710 1380 Ligarius,
749 1312 1054 1378 antequam
1085 1309 1303 1365 bellum
1338 1310 1505 1367 civile
1541 1311 1692 1367 inter
1727 1313 1784 1369 C.
1822 1313 2118 1369 Caesarem
2154 1314 2214 1366 et

186 1382 292 1438 Gn.
329 1381 659 1463 Pompeium
695 1383 880 1438 ortum
917 1382 1029 1448 est,
1066 1378 1124 1437 Ο.
1164 1381 1489 1437 Considium
1524 1383 1782 1454 Longum
1814 1401 1917 1453 pro
1950 1385 2214 1452 praetore

187 1453 418 1522 legatus
465 1469 526 1508 m
567 1451 920 1522 provinciam
955 1451 1205 1506 Africam
1251 1455 1475 1508 secutus
1523 1456 1661 1509 erat.
1736 1455 1789 1508 Is
1827 1453 2103 1510 decedens
2142 1453 2212 1507 de

186 1521 486 1593 provincia
528 1523 836 1592 reliquerat
871 1521 933 1577 in
959 1521 1154 1577 Afi-iea
1190 1521 1254 1588 Q.
1291 1522 1581 1594 Ligarium
1618 1541 1855 1594 eumque
1889 1523 2212 1594 provinciae

187 1594 558 1664 praefecerat.
630 1593 770 1648 Cum
804 1593 1024 1647 interea
1056 1592 1270 1647 bellum
1308 1593 1476 1649 civile
1512 1597 1767 1651 exortum
1803 1598 1979 1664 esset,
2016 1594 2116 1663 qui
2152 1595 2212 1649 in

187 1681 262 1719 ea
304 1662 599 1734 provincia
631 1663 890 1735 partibus
927 1661 1023 1718 Cn.
1061 1663 1298 1733 Pompei
1333 1664 1693 1735 studuerunt,
1740 1666 2144 1737 flagitaverunt
2178 1681 2213 1719 a

187 1735 254 1802 Q.
291 1735 547 1805 Ligario,
585 1738 651 1790 ut
693 1735 816 1805 ipse
853 1750 1074 1803 quoque
1107 1733 1323 1789 bellum
1360 1736 1625 1791 adversus
1662 1737 1720 1792 Ο.
1761 1737 2057 1792 Caesarem
2093 1752 2212 1790 sus·

187 1805 408 1876 ciperet
451 1806 588 1861 Pom
629 1805 828 1874 eioque
880 1804 1230 1876 provinciam
1284 1810 1651 1862 conservaret.
1726 1806 1862 1862 Cum
1914 1807 1967 1862 is
2018 1809 2211 1860 tamen

187 1876 349 1932 nullo
388 1894 446 1932 se
482 1875 562 1930 im
627 1876 768 1931 icari
802 1875 1034 1948 negotio
1063 1893 1262 1949 passus
1294 1880 1459 1945 esset,
1495 1877 1556 1932 P.
1587 1877 1777 1932 Attius
1806 1877 2005 1947 Varus,
2042 1893 2212 1947 quem

190 1951 391 2004 contra
439 1948 497 2006 C.
579 1964 830 2003 aesarem
875 1946 1220 2003 militantem
1267 1948 1330 2002 in
1374 1965 1511 2017 agro
1546 1946 1751 2004 Piceno
1798 1949 1873 2003 ad
1910 1948 2212 2003 Auximum

190 2020 476 2089 cohortes,
522 2036 662 2089 quas
700 2018 967 2085 ducebat,
1016 2018 1403 2087 deseruerant,
1441 2018 1502 2072 in
1537 2018 1788 2073 Africam
1821 2019 1981 2075 venit
2015 2021 2075 2074 et
2107 2017 2211 2073 im·

187 2090 412 2160 perium
446 2090 712 2160 adripuit.
743 2132 749 2137 .
779 2089 886 2156 Qui
922 2106 1050 2144 cum
1082 2090 1279 2159 paucis
1318 2092 1451 2145 ante
1490 2088 1652 2143 annis
1690 2106 1758 2145 ex
1792 2093 2059 2159 praetura
2084 2105 2211 2143 eam

188 2159 1185 2297 aze0ieffi¹²³53320520r
1223 2159 1709 2286 aare&
1748 2160 2209 2287 .÷;÷22,1s‡22232

384 2274 397 2290 ⁴
1173 2269 1185 2285 ·
1686 2272 1699 2299 ν

191 2303 448 2358 consulto
487 2305 640 2358 sorte
677 2318 744 2356 ea
777 2301 1070 2372 provincia
1106 2301 1435 2370 obtigisset,
1480 2300 1542 2356 in
1579 2300 1829 2357 Africam
1862 2302 2108 2370 veniret,
2146 2305 2211 2357 ut
2312 2370 2319 2375 .

187 2373 538 2444 provinciam
575 2372 775 2441 adiret,
813 2389 850 2427 a
874 2371 937 2427 P.
965 2374 1115 2426 Varo
1153 2373 1411 2427 exclusus
1439 2374 1528 2427 est
1552 2372 1720 2442 eique
1745 2390 1817 2428 ne
1844 2373 1953 2429 hoc
1980 2373 2211 2442 quidem

188 2445 543 2515 permissum,
569 2446 636 2498 ut
662 2443 943 2499 infirmum
969 2442 1144 2497 filium
1175 2446 1482 2513 exponeret
1507 2444 1679 2513 atque
1707 2460 1913 2513 aquam
1937 2443 2208 2513 hauriret,

190 2532 305 2586 qua
338 2517 399 2570 in
433 2532 495 2570 re
531 2515 780 2585 gerenda
814 2514 875 2569 P.
912 2514 1091 2569 Varus
1129 2513 1192 2580 Q.
1229 2512 1449 2584 Ligari,
1497 2514 1595 2582 qui
1628 2513 1854 2585 legatus
1889 2515 1951 2569 in
1985 2515 2209 2586 provin-

191 2586 283 2641 cia
317 2586 680 2653 remanserat,
719 2601 890 2655 opera
925 2601 1058 2639 usus
1096 2586 1198 2639 est.
1272 2586 1335 2640 L.
1373 2583 1567 2641 Aelius
1604 2602 1731 2640 cum
1767 2588 1917 2641 esset
1952 2587 2209 2641 exclusus

188 2656 407 2725 Africa,
455 2673 582 2711 cum
624 2655 743 2712 filio
789 2672 890 2710 suo
935 2654 996 2709 in
1039 2654 1432 2711 Macedoniam
1476 2671 1536 2709 se
1580 2657 1900 2711 contulerat
1943 2659 2113 2727 atque
2150 2656 2211 2710 in

187 2727 288 2783 On.
334 2727 569 2797 Pompei
613 2728 802 2781 castra
842 2728 1202 2797 pervenerat,
1246 2728 1380 2795 post
1424 2728 1613 2781 autem
1655 2744 1850 2797 pugna
1882 2726 2213 2782 Pharsalica

189 2798 494 2855 commissa
544 2798 770 2853 veniam
821 2814 857 2851 a
910 2797 971 2853 Ο.
1028 2796 1266 2853 Caesare
1317 2796 1738 2867 impetraverat.
1831 2799 1894 2864 Q.
1950 2796 2210 2868 Ligarius

187 2870 410 2926 interea
452 2884 567 2924 una
611 2886 737 2923 cum
782 2866 841 2924 C.
880 2866 1142 2923 Considio
1188 2867 1309 2922 filio
1352 2867 1569 2937 proelio
1614 2868 1690 2923 ad
1726 2868 2013 2937 Thapsum
2058 2868 2210 2921 facto

187 2941 250 2995 in
285 2942 632 3011 potestatem
667 2938 925 2995 Caesaris
963 2938 1114 3009 apud
1148 2938 1518 2995 Adrumetum
1552 2940 1909 3009 pervenerat,
1948 2937 2047 3005 qui
2084 2954 2210 2992 eum

189 3027 457 3067 concessa
505 3010 630 3065 vita
673 3009 856 3065 solum
899 3012 1118 3064 vertere
1162 3008 1346 3065 iussit.
1428 3010 1589 3064 Anno
1633 3028 1689 3080 p.
1736 3025 1789 3063 u.
1837 3025 1884 3063 c.
1934 3014 2037 3063 ’108
2084 3024 2212 3063 cum

187 3082 394 3137 fratres
431 3081 494 3148 Q.
533 3079 729 3152 Ligari
771 3080 835 3134 id
881 3082 1217 3136 conarentur
1261 3080 1506 3148 efficere,
1550 3082 1620 3135 ut
1661 3078 1829 3134 fratri
1871 3078 2117 3133 reditum
2153 3077 2211 3134 G.

188 3152 398 3207 Caesar
441 3152 800 3219 concederet,
853 3168 926 3207 ne
969 3151 1032 3205 id
1068 3152 1464 3222 impetrarent,
1519 3167 1557 3205 a
1599 3153 1659 3207 P.
1709 3148 1873 3205 Aelio
1916 3149 2211 3205 Tuberone

187 3224 307 3279 filio
354 3224 506 3294 apud
551 3222 610 3279 C.
657 3222 951 3278 Caesarem
996 3222 1331 3277 dictatorem
1370 3222 1433 3287 Q.
1470 3220 1732 3292 Ligarius
1779 3221 1849 3275 de
1892 3220 2210 3289 maiestate,

187 3298 255 3350 ut
287 3295 539 3364 videtur,
577 3297 870 3350 accusatus
907 3296 1010 3349 est.
1083 3292 1228 3348 Eum
1262 3294 1371 3347 hac
1408 3292 1535 3362 ipsa
1572 3291 1845 3360 oratione,
1886 3307 2027 3359 quae
2064 3290 2214 3346 infra

188 3366 417 3437 legitur,
455 3382 571 3420 una
605 3382 733 3420 cum
767 3364 825 3421 C.
855 3364 1038 3419 Pansa
1064 3363 1138 3418 M.
1169 3362 1361 3418 Cicero
1398 3362 1485 3418 ita
1513 3362 1783 3432 defendit,
1828 3365 1894 3418 ut
1922 3362 1977 3417 0.
2007 3360 2214 3417 Caesar

188 3454 317 3492 eum
353 3436 585 3491 crimine
621 3435 892 3490 liberaret
927 3432 1285 3504 reditumque
1322 3433 1669 3491 concederet.
