2550 3875
840 161 992 216 CAP.
1037 167 1245 216 11-13
1286 169 1316 228 ξ
1355 156 1585 218 244-29.
2085 161 2210 226 173

303 319 406 386 Ac
448 342 533 386 ne
579 325 724 385 tum
772 322 1033 405 quidem
1080 324 1424 407 emersisti,
1469 324 1792 390 lutulente
1831 323 2210 409 Caesonine,
2230 337 2299 384 27

170 432 251 474 ex
296 409 687 474 miserrimis
731 412 1007 474 naturae
1053 415 1207 476 tuae
1254 376 1584 498 sordibus,
1638 435 1788 479 cum
1821 416 2213 498 experrecta

169 497 437 562 tandem
474 497 685 563 virtus
720 498 1069 563 clarissimi
1100 500 1223 564 viri
1252 501 1551 566 celeriter
1577 505 1645 566 et
1670 523 1900 566 verum
1927 502 2211 566 amicum

134 591 239 651 ·et
296 586 545 686 optime
597 586 907 650 meritum
954 587 1161 653 civem
1209 591 1276 652 et
1324 610 1514 653 suum
1559 590 1915 673 pristinum
1959 611 2212 654 morem

118 691 145 732 5
171 673 546 759 requisivit,
598 695 809 758 neque
857 679 959 739 est
1001 675 1115 740 ille
1160 676 1263 740 vir
1307 699 1540 761 passus
1585 677 1658 742 in
1702 699 1780 742 ea
1823 699 1893 742 re
1929 677 2210 762 publica,

172 784 373 846 quam
416 762 559 846 ipse
606 762 946 827 decorarat
988 767 1185 848 atque
1224 770 1512 851 auxerat,
1559 765 1806 830 diutius
1841 770 2208 831 vestrorum

174 850 495 916 scelerum
529 854 785 934 pestem
822 852 1084 936 morari,
1124 874 1273 916 0010
1300 857 1524 917 tamen
1550 853 1680 938 ille,
1719 853 2210 939 qualiscumque

172 943 293 1022 est,
340 938 463 1022 qui
493 941 597 1002 est
642 939 725 1002 ab
772 961 903 1004 uno
950 944 1019 1004 te
1064 903 1492 1023 improbitate
1529 905 1762 1026 victus,
1813 941 2206 1026 [Gabinius,]

172 989 500 1112 collegit
480 1047 639 1128 11130ο
660 1048 732 1091 30
768 1027 895 1112 viX,
932 1028 1046 1092 sed
1084 1028 1356 1114 collegit
1393 1034 1616 1094 tamen
1651 1033 1721 1094 et
1756 1034 1988 1095 contra
2017 1053 2214 1096 suum

94 1136 145 1175 ιο
172 1114 480 1180 Clodium
542 1114 829 1199 primum
888 1116 1221 1202 simulate,
1287 1117 1516 1182 deinde
1568 1139 1703 1183 non
1755 1117 2065 1203 libenter,
2129 1119 2211 1182 ad

172 1207 539 1268 extremum
575 1207 799 1268 tamen
833 1225 953 1288 pro
984 1202 1099 1269 00.
1127 1203 1443 1305 Pompeio
1479 1227 1630 1270 vere
1667 1204 2210 1290 vehementerque

169 1291 510 1376 pugnavit
621 1290 765 1367 Quo
840 1292 1105 1376 quidem
1176 1293 1249 1357 in
1311 1293 1686 1377 spectaculo
1750 1294 1920 1358 mira
1982 1295 2212 1379 populi

170 1379 455 1444 Romani
503 1380 799 1479 aequitas
838 1383 996 1444 erat.
1069 1379 1239 1445 Uter
1274 1402 1502 1446 eorum
1535 1382 1836 1467 perisset,
1871 1386 2210 1483 tamquam

170 1468 417 1533 lanista
456 1467 527 1532 in
564 1467 702 1533 0103
740 1468 919 1533 100111
953 1468 1099 1553 pari
1133 1468 1391 1533 lucrum
1425 1470 1571 1534 fieri
1605 1471 1904 1555 putabat,
1948 1471 2212 1536 immor-

92 1577 143 1617 15
171 1556 377 1621 talem
420 1577 576 1620 vero
624 1559 996 1640 quaestum,
1046 1557 1105 1621 si
1150 1561 1426 1641 uterque
1473 1558 1831 1624 cecidisset.
1925 1557 2054 1623 Sed
2097 1559 2211 1623 ille
2231 1568 2300 1617 28

168 1648 398 1708 tamen
453 1644 694 1728 agebat
750 1644 1023 1729 aliquid3
1082 1646 1396 1710 tuebatur
1449 1647 1915 1713 auctoritatem
1971 1647 2212 1712 summi

169 1733 315 1796 viri.
404 1731 572 1796 Erat
617 1732 758 1817 ipse
807 1732 1190 1817 sceleratus,
1240 1738 1385 1798 erat
1429 1725 1776 1820 gladiator,
1823 1757 1971 1800 cum
2017 1735 2212 1800 scele-

168 1824 319 1885 rato
384 1824 609 1885 tamen
674 1825 742 1885 et
801 1842 949 1886 cum
1013 1821 1157 1906 pari
1221 1821 1588 1907 gladiatore
1642 1824 2002 1908 pugnabat
2111 1823 2213 1888 Tu

173 1909 427 1974 scihcet
470 1907 670 1974 homo
717 1908 1065 2011 religiosus
1114 1914 1182 1975 et
1228 1914 1496 1977 sanctus
1540 1911 1798 1997 foedus,
1845 1911 2019 1997 quod
2064 1934 2212 1978 meo

92 2020 147 2059 20
173 1998 491 2085 sanguine
553 1998 625 2062 in
684 1999 988 2082 pactione
1052 1999 1540 2083 provinciarum
1601 2001 1836 2085 iceras,
1908 2000 2212 2087 frangere

168 2078 463 2152 noluisti.
557 2084 836 2151 Caverat
889 2087 1065 2151 enim
1110 2088 1239 2152 sibi
1285 2088 1395 2152 ille
1443 2089 1732 2154 sororius
1782 2088 2063 2174 adulter,
2117 2092 2213 2174 ut,

170 2175 229 2239 si
274 2174 404 2239 tibi
448 2173 873 2259 provinciam,
918 2176 977 2239 si
1018 2176 1395 2261 exercitum,
1441 2176 1499 2241 si
1534 2177 1880 2261 pecuniam
1917 2181 2212 2262 ereptam

169 2285 251 2327 ex
278 2262 375 2326 rei
403 2262 703 2346 publicae
728 2262 1088 2329 visceribus
1118 2264 1422 2349 dedisset,
1455 2266 1748 2330 omnium
1781 2267 1908 2347 [ut]
1943 2286 2213 2331 suorum

169 2350 493 2415 scelerum
548 2351 815 2416 3001010
854 2355 923 2416 te
978 2352 1472 2437 adiutoremque
1521 2354 1886 2437 praeberes
1977 2353 2212 2438 Itaque

92 2460 143 2501 2⁵
167 2440 240 2503 in
292 2438 413 2503 illo
460 2439 753 2503 tumultu
796 2438 992 2504 fracti
1037 2439 1276 2524 fasces,
1331 2442 1503 2507 ictus
1549 2442 1718 2526 ipse,
1773 2442 2014 2507 cotidie
2059 2443 2216 2527 tela,

167 2526 443 2611 lapides,
478 2525 694 2613 fugae,
732 2527 1169 2613 deprehensus
1207 2529 1486 2613 denique
1524 2552 1674 2595 cum
1708 2530 1884 2595 ferro
1921 2532 2005 2595 ad
2031 2552 2213 2596 sena-

166 2620 316 2679 tum
360 2614 441 2699 is,
486 2637 682 2698 quem
728 2615 811 2681 ad
856 2615 971 2681 00,
1007 2614 1397 2701 Pompeium
1441 2618 1950 2684 interimendum
1996 2620 2212 2685 conlo·

167 2708 394 2769 catum
454 2701 659 2768 fuisse
724 2705 1088 2769 constabat.
1191 2705 1438 2789 Ecquis
1503 2707 1756 2772 audivit
1815 2729 1952 2772 non
2015 2708 2263 2813 modo²

167 2792 497 2857 actionem
544 2792 832 2875 aliquam
880 2796 996 2857 aut
1038 2792 1456 2878 relationem,
1509 2795 1624 2859 sed
1666 2817 1897 2861 vocem
1941 2766 2263 2861 omnino²

91 2903 141 2943 ao
168 2884 282 2945 aut
340 2880 700 2964 querellam
762 2882 990 2945 tuam‘?
1082 2879 1434 2946 Consulem
1491 2886 1565 2948 tu
1618 2887 1685 2947 te
1739 2884 1942 2948 fuisse
1997 2887 2213 2968 putas,
2315 2888 2322 2893 ’

167 2968 353 3034 00103
410 2967 482 3031 111
533 2968 839 3053 110Ρο110,
896 2968 1009 3053 qui
1055 2992 1195 3034 rem
1239 2971 1574 3054 publicam
1621 2976 1886 3036 senatus
1934 2971 2212 3035 auctori-

167 3060 305 3121 tate
345 3060 659 3141 servarat,
684 3057 744 3121 is
780 3058 948 3121 domi
971 3077 1036 3122 30
1062 3064 1176 3123 aut
1199 3058 1522 3143 denique
1503 3082 1576 3124 m
1602 3059 1818 3142 Italia,
1856 3059 1969 3142 qui
1997 3059 2212 3123 omnis

168 3145 463 3209 omnium
500 3144 800 3229 gentium
833 3146 1045 3230 partis
1089 3147 1306 3212 tribus
1335 3147 1690 3231 triumphis
1720 3147 2172 3230 devinxerat,
2152 3170 2212 3211 1s

167 3254 235 3297 30
262 3235 336 3298 10
361 3232 631 3316 publico
659 3237 808 3298 tuto
838 3234 1077 3298 statuit
1106 3256 1247 3299 esse
1272 3258 1408 3299 non
1433 3236 1673 3320 posse?
1719 3234 1829 3299 An
1847 3239 1990 3299 tum
2010 3236 2211 3300 eratis

94 3344 140 3385 ³⁵
166 3321 490 3404 consules,
538 3342 703 3405 cum,
750 3343 1157 3406 quacumque
1204 3324 1284 3387 de
1321 3345 1391 3387 re
1428 3324 1701 3388 verbum
1737 3322 1952 3388 facere
1989 3344 2216 3406 coepe·

164 3411 329 3475 ratis
374 3414 491 3474 aut
527 3409 768 3474 referre
808 3410 890 3473 ad
928 3415 1247 3496 senatum,
1297 3416 1572 3476 cunctus
1610 3413 1769 3477 ordo
1808 3410 2214 3475 reclamabat

166 3497 685 3581 ostendebatque
748 3498 915 3563 nihil
982 3520 1123 3563 esse
1177 3520 1298 3564 vos
1355 3504 1617 3563 acturos
1627 3549 1645 3583 ,
1707 3500 1838 3564 0131
1893 3499 2077 3581 prius
2134 3499 2213 3562 de

2236 2677 2318 2740 13
