2550 3875
851 147 1002 204 CAP.
1044 154 1216 204 9—11
1259 154 1291 214 s
1328 155 1558 204 πει-27.
2086 149 2219 216 383

193 307 480 376 viderem
541 308 890 396 nefarium,
960 309 1167 395 pacis,
1242 311 1650 397 concordiae,
1722 311 2219 396 compositionis

195 402 425 464 auctor
489 419 631 464 esse
692 420 826 478 non
890 399 1142 482 destiti,
1205 420 1477 485 meaque
1540 400 1659 466 illa
1722 422 1848 466 vox
1902 404 2005 466 est
2056 405 2219 466 nota

194 485 454 552 multis:
545 484 921 571 ‘Utinam,
1010 485 1359 572 Pompei,
1440 510 1605 554 cum
1686 487 2017 556 Caesare
2100 510 2218 554 sor

195 575 553 642 cietatem
619 579 753 640 aut
802 596 1215 660 numquam
1269 576 1567 642 coisses
1622 582 1755 643 aut
1808 599 2217 663 numquam

132 681 162 722 ⁶
195 663 672 729 diremisses!
765 662 950 728 Fuit
995 663 1331 728 alterum
1378 664 1835 750 gravitatiS,
1881 666 2219 731 alterum

0 707 4 818 l
194 751 664 837 prudentiae
697 751 916 816 tuae?
997 751 1179 818 Haec
1215 774 1379 838 mea,
1422 751 1511 818 M.
1548 752 1815 838 Antoni,
1861 775 2116 838 semper
2153 757 2221 819 et

192 841 274 908 de
319 839 634 925 Pompeio
687 843 760 904 et
801 840 880 905 de
926 861 996 904 re
1039 841 1306 925 publica
1351 842 1622 906 consilia
1664 841 1947 906 fuenmt.
2039 842 2217 918 Quae

195 930 256 996 si
299 929 678 1012 valuissent,
723 949 828 993 res
872 929 1137 1013 publica
1183 933 1410 1014 staret,
1457 933 1532 995 tu
1568 929 1700 994 tuis
1738 930 2028 1016 flagitiis,
2076 950 2219 1016 ege-

195 1022 396 1101 state,
441 1017 712 1082 infamia
756 1016 1164 1082 concidisses.

107 1127 166 1167 ιο
336 1104 466 1172 Sed
508 1106 671 1171 haec
715 1109 956 1190 vetera,
999 1105 1162 1170 illud
1207 1127 1361 1172 vero
1397 1126 1640 1190 recens,
1687 1104 2033 1172 Gaesarem
2071 1127 2215 1171 meo

195 1195 469 1262 consilio
523 1193 960 1259 interfectum.
1059 1193 1202 1259 Iam
1254 1216 1509 1279 vereor,
1570 1198 1791 1279 patres
1847 1194 2218 1278 conscripti,

191 1306 306 1367 ne,
361 1283 535 1368 quod
585 1282 1044 1366 turpissimum
1090 1288 1191 1348 est
1199 1301 1242 1368 ,·
1270 1283 1860 1368 praevaricatorem
1905 1282 2067 1347 mihi
2114 1282 2219 1346 ad-

193 1371 493 1458 posuisse
557 1370 803 1454 videar,
876 1371 989 1454 qui
1052 1392 1156 1435 me
1218 1393 1353 1437 non
1416 1372 1629 1436 solum
1692 1371 1854 1435 meis
1917 1369 2221 1436 laudibus

196 1463 487 1544 ornaret,
585 1458 699 1524 sed
798 1458 997 1524 etiam
1099 1459 1345 1524 alienis.
1498 1458 1657 1535 Quis
1747 1459 1922 1524 enim
2003 1480 2221 1524 meum

107 1567 166 1609 1⁶
194 1550 269 1615 in
329 1549 462 1614 ista
523 1547 836 1613 societate
901 1547 1363 1633 gloriosissimi
1426 1547 1584 1612 facti
1635 1569 1874 1612 nomen
1928 1546 2221 1611 audivit?

194 1637 396 1704 Cuius
453 1641 700 1719 autem,
747 1636 859 1720 qui
922 1635 993 1700 in
1046 1656 1122 1700 eo
1175 1657 1447 1700 numero
1502 1635 1763 1719 fuisset,
1824 1657 2064 1700 nomen
2118 1639 2221 1699 est

197 1724 643 1792 occultatum?
737 1723 1156 1789 Occultatum
1203 1724 1375 1808 dico;
1431 1725 1613 1788 cuius
1667 1745 1801 1789 non
1854 1724 2085 1789 statim
2130 1723 2220 1787 di-

195 1813 584 1900 vulgatum?
693 1811 906 1879 Citius
980 1812 1254 1876 dixerim
1316 1812 1594 1877 iactasse
1660 1833 1727 1877 se
1792 1812 2074 1896 aliquos,
2144 1816 2222 1875 ut

195 1903 401 1969 fuisse
463 1903 535 1968 in
597 1923 675 1965 ea
743 1901 1058 1967 societate
1121 1900 1521 1986 viderentur,
1587 1921 1736 1966 cum
1791 1900 2036 1966 conscii
2088 1920 2223 1964 non

113 2012 172 2053 πο
196 1993 505 2075 fuissent,
551 2012 747 2076 quam
791 1994 867 2055 ut
913 1990 1257 2075 quisquam
1304 1990 1501 2055 celari
1545 1989 1767 2073 vellet,
1816 1989 1926 2074 qui
1969 1987 2223 2055 fuisset.

200 2081 413 2158 Quam
460 2080 600 2145 veri
645 2079 858 2144 simile
903 2100 1100 2162 porro
1147 2083 1248 2143 est
1293 2078 1365 2142 in
1408 2081 1513 2142 tot
1555 2077 1932 2142 hominibus
1976 2076 2220 2161 partim
2241 2088 2314 2137 26

199 2168 514 2252 obscuris,
548 2168 792 2252 partim
829 2166 1352 2232 adulescentibus
1386 2166 1711 2231 neminem
1740 2164 2223 2231 occultantibus

199 2279 418 2323 meum
470 2278 710 2323 nomen
765 2256 971 2319 latere
1025 2255 1363 2339 potuisse?
1461 2254 1754 2338 Etenim,
1810 2254 1867 2319 si
1922 2257 2223 2319 auctores

200 2347 283 2411 ad
336 2345 742 2410 liberandam
793 2344 1078 2427 patriam
1128 2343 1648 2409 desiderarentur
1692 2342 1826 2407 illis
1874 2341 2225 2425 actoribuS,

115 2453 174 2495 25
199 2435 446 2501 Brutos
523 2454 648 2519 ego
711 2432 1142 2515 impellerem,
1215 2453 1493 2515 quorum
1554 2434 1830 2514 uterque
1893 2429 1965 2495 L.
2030 2429 2223 2495 Bruti

199 2523 555 2609 imaginem
624 2520 862 2587 cotidie
917 2520 1192 2603 videret,
1257 2520 1425 2585 alter
1478 2520 1679 2584 etiam
1732 2518 2035 2583 Ahalae?
2134 2517 2225 2582 Hi

197 2612 406 2698 igitur
449 2611 555 2675 his
601 2608 960 2675 maioribus
1007 2608 1090 2672 ab
1138 2607 1367 2671 alienis
1412 2608 1632 2691 potius
1672 2606 2018 2672 consilium
2052 2610 2228 2689 pete-

200 2704 349 2765 rent
396 2720 592 2783 quam
637 2720 678 2763 a
722 2696 858 2761 suis
895 2699 964 2760 et
998 2694 1159 2760 foris
1195 2695 1418 2779 potius
1457 2717 1651 2780 quam
1688 2694 1926 2759 domo?
2012 2693 2227 2769 Quid?

203 2787 274 2855 O.
312 2786 578 2854 Cassius
623 2787 694 2851 in
738 2807 814 2850 ea
858 2783 1110 2849 familia
1152 2788 1366 2867 natu8‚
1414 2805 1579 2867 quae
1623 2804 1757 2848 non
1793 2782 1987 2846 modo
2026 2781 2227 2845 domi-

119 2896 176 2937 so
199 2881 462 2961 natum,
534 2875 647 2941 sed
709 2896 790 2939 ne
854 2872 1221 2958 potentiam
1288 2871 1546 2955 quidem
1610 2872 1992 2954 cuiusquam
2054 2868 2225 2933 ferre

200 2964 449 3050 potuit,
513 2985 616 3029 me
671 2966 1031 3044 auctorem,
1086 2960 1305 3044 credo,
1370 2958 1787 3042 desideravit3
1856 2956 1968 3041 qui
2026 2956 2225 3021 etiam

203 3054 342 3119 sine
377 3052 482 3117 his
521 3050 903 3117 clarissimis
939 3048 1098 3114 viris
1135 3047 1305 3113 hanc
1342 3069 1479 3113 rem
1515 3048 1586 3112 in
1612 3045 1843 3112 Cilicia
1871 3043 1952 3109 ad
1982 3044 2226 3108 ostium

201 3140 490 3207 fluminis
527 3138 736 3224 Cydni
773 3138 1174 3221 confecisset,
1222 3136 1277 3200 si
1314 3136 1425 3200 ille
1464 3136 1543 3200 ad
1582 3156 1727 3199 eam
1763 3134 1993 3217 ripam,
2030 3154 2224 3216 quam

202 3229 651 3312 constituerat,
695 3249 830 3293 non
875 3227 955 3290 ad
993 3224 1389 3290 contrariam
1423 3223 1609 3289 navis
1646 3221 2025 3306 appulisset.
2108 3219 2221 3286 Cn.
2243 3238 2311 3289 27

119 3336 175 3377 ss
200 3317 571 3385 Domitium
631 3338 767 3380 non
819 3314 1027 3399 patris
1082 3312 1415 3396 interitus,
1481 3311 1827 3377 clarissimi
1879 3310 2031 3394 viri,
2093 3330 2226 3374 non

202 3405 506 3472 avunculi
560 3425 765 3487 mors,
816 3424 952 3467 non
1006 3400 1314 3483 spoliatio
1363 3400 1703 3485 dignitatis
1742 3399 1825 3463 ad
1869 3398 2197 3481 reciperari

200 3496 350 3561 dam
395 3494 790 3573 libertatem,
837 3489 949 3555 sed
995 3509 1140 3552 mea
1177 3488 1536 3553 auctoritas
1576 3486 1929 3553 excitavit?
2010 3485 2119 3550 An
2155 3482 2225 3549 (ἃ.

2241 1072 2317 1135 11

2236 1161 2310 1208 25
