2550 3875
889 186 895 191 ·
920 182 1075 238 CAP.
1111 188 1323 238 27—29
1362 188 1391 249 s
1431 188 1659 238 64-69.
2181 183 2307 247 109

273 343 543 427 timore,
606 345 719 409 sed
784 343 983 409 etiam
1048 366 1195 409 cum
1255 345 1476 430 aliqua
1528 366 1643 429 spe
1698 340 2152 410 delectationis
2208 365 2309 408 ex·

279 434 520 531 specto.
611 431 984 517 Praegestit
1029 432 1287 497 animus
1332 433 1465 499 iam
1510 434 1727 498 videre
1768 433 2055 517 primum
2090 431 2308 496 lautos
2329 443 2397 493 67

277 540 542 583 iuvenes
597 520 890 585 mulieris
943 520 1175 585 beatae
1231 544 1307 586 ac
1356 521 1600 587 nobilis
1645 521 2029 604 familiares,
2084 519 2311 584 deinde

277 605 473 671 fortis
527 607 703 673 viros
758 609 841 672 ab
895 608 1311 693 imperatrice
1360 610 1431 674 in
1474 609 1730 675 insidiis
1776 613 1973 694 atque
2018 608 2090 672 in
2132 628 2313 692 prae-

219 715 248 756 5
279 694 446 759 sidio
473 695 854 761 balnearum
891 697 1331 780 [col]locatos;
1358 719 1439 762 ex
1467 698 1703 783 quibus
1730 697 2076 782 requiram,
2122 716 2314 780 quem

279 782 363 875 ad
418 784 685 848 modum
738 784 1054 849 latuerint
1109 790 1225 850 aut
1273 785 1418 870 ubi,
1470 786 1774 851 alveusne
1820 786 1933 849 ille
1980 806 2065 849 an
2110 804 2313 868 equus

277 870 600 937 Troianus
637 872 856 956 fuerit,
895 873 1008 959 qui
1043 877 1149 939 tot
1184 874 1467 940 invictos
1503 874 1679 939 viros
1715 873 2031 939 muliebre
2067 872 2317 937 bellum

277 963 580 1043 gerentes
651 960 880 1025 tulerit
950 982 1028 1026 ac
1099 962 1356 1027 texerit.
1454 960 1630 1027 Illud
1692 983 1853 1027 ‘vero
1926 959 2315 1045 respondere

279 1068 538 1133 cogam,
593 1070 709 1114 cur
762 1053 867 1113 tot
919 1048 1045 1113 viri
1100 1072 1176 1115 ac
1229 1050 1399 1115 tales
1451 1049 1626 1116 hunc
1676 1054 1745 1115 et
1796 1071 1998 1114 unum
2054 1052 2123 1113 et
2176 1052 2315 1112 tam

188 1157 247 1198 ιο
275 1134 684 1221 inbecillum,
770 1159 966 1221 quam
1044 1137 1312 1223 videtis,
1389 1160 1525 1203 non
1605 1142 1722 1202 aut
1790 1141 2075 1203 stantem
2146 1158 2316 1201 com-

273 1224 655 1307 prenderint
700 1229 814 1288 aut
859 1224 1221 1311 fugientem
1268 1226 1602 1291 consecuti
1648 1226 1808 1310 sint3
1862 1225 1975 1311 qui
2020 1245 2090 1289 se
2133 1246 2315 1288 num-

277 1333 474 1396 quam
519 1312 836 1397 profecto,
887 1313 944 1378 si
989 1314 1060 1378 in
1104 1314 1308 1379 istum
1351 1315 1571 1379 locum
1615 1314 2072 1398 processerint,
2117 1312 2316 1396 expli-

275 1400 539 1464 cabunt.
632 1400 845 1477 Quam
886 1402 1110 1467 volent
1143 1403 1218 1467 in
1253 1402 1568 1467 conviviis
1604 1402 1823 1487 faceti,
1866 1402 2139 1484 dicaces,
2182 1422 2318 1466 non

272 1509 634 1574 numquam
689 1490 891 1554 etiam
943 1490 1027 1554 ad
1079 1490 1306 1554 vinum
1361 1490 1590 1555 diserti
1643 1491 1804 1575 sint,
1860 1489 1990 1554 alia
2041 1487 2171 1554 fori
2214 1488 2315 1553 vis

185 1599 244 1640 15
276 1581 400 1661 est,
437 1577 568 1641 alia
603 1577 893 1661 triclinii,
931 1578 1062 1642 alia
1093 1578 1557 1643 subselliorum
1583 1579 1775 1662 ratio,
1812 1578 1943 1642 alia
1966 1578 2316 1661 lectorum3

273 1687 411 1730 non
467 1665 641 1730 idem
695 1665 984 1730 iudicum
1040 1666 1667 1751 comissatorumque
1724 1669 2140 1751 conspectus3
2201 1665 2317 1729 lux

171 1788 176 1791 ·
273 1753 553 1838 denique
599 1755 796 1840 longe
844 1754 974 1821 alia
1019 1759 1121 1819 est
1166 1754 1326 1819 solis
1372 1759 1440 1818 et
1481 1755 1886 1839 lychnorum.
1977 1753 2191 1830 Quam
2227 1753 2312 1817 ob

273 1863 417 1907 rem
453 1842 854 1907 excutiemus
895 1843 1106 1923 omnis
1139 1843 1420 1907 istorum
1449 1838 1733 1925 delicias,
1772 1841 1984 1907 omnis
2012 1841 2314 1925 ineptias,

276 1930 336 1994 si
380 1930 760 2015 prodierint.
854 1928 983 1997 Sed
1028 1954 1132 1996 me
1179 1931 1464 2016 audiant,
1509 1934 1751 1997 navent
1798 1930 1994 1996 aliam
2032 1951 2315 2014 operam,

181 2041 246 2082 20
275 2019 474 2084 aliam
546 2019 771 2084 ineant
835 2021 1147 2105 gratiam,
1220 2021 1293 2084 in
1358 2020 1505 2084 aliis
1569 2040 1638 2085 se
1702 2019 1897 2084 rebus
1962 2021 2314 2101 ostentent,

274 2107 546 2192 vigeant
599 2109 772 2192 apud
826 2109 1025 2173 istam
1078 2107 1422 2172 mulierem
1476 2111 1843 2190 venustate,
1898 2106 2314 2170 dominentur

275 2196 678 2280 sumptibus,
731 2196 1070 2280 haereant,
1124 2197 1406 2280 iaceant,
1453 2195 1850 2278 deserviant3
1910 2195 2113 2279 capiti
2156 2216 2310 2259 vero

273 2284 645 2349 innocentis
688 2283 1099 2368 fortunisque
1144 2290 1438 2368 parcant.
1934 2307 1947 2320 ·

413 2372 506 2436 At
554 2375 709 2436 sunt
755 2372 927 2437 servi
971 2373 1071 2437 illi
1118 2372 1196 2436 de
1244 2377 1676 2458 cognatorum
1722 2371 2075 2456 sententia,
2128 2370 2313 2436 nobi·
2333 2347 2418 2411 29

181 2481 243 2524 25
273 2459 682 2525 lissimorum
735 2464 804 2525 et
860 2460 1373 2526 clarissimorum
1427 2461 1795 2545 hominum,
1859 2461 2079 2525 manu'
2110 2459 2314 2524 missi.
2334 2439 2402 2488 68

273 2548 568 2621 Tandem
624 2547 872 2632 aliquid
921 2549 1315 2632 invenimus,
1373 2550 1545 2632 quod
1590 2549 1723 2613 ista
1766 2549 2003 2613 mulier
2046 2548 2125 2612 de
2172 2568 2313 2612 suo*

273 2659 425 2701 rum
488 2636 1006 2721 propinquorum
1063 2635 1578 2702 fortissimorum
1637 2638 1931 2702 virorum
1985 2635 2315 2702 sententia

275 2729 478 2808 atque
545 2726 940 2789 auctoritate
1001 2723 1235 2789 fecisse
1301 2725 1573 2789 dicatur.
1685 2723 1813 2790 Sed
1877 2725 2043 2789 scire
2103 2724 2315 2807 cupio,

277 2813 435 2899 quid
488 2807 732 2877 habeat
788 2813 1162 2902 argumenti
1215 2813 1348 2876 ista
1397 2812 1855 2897 manumissi03
1908 2813 1979 2877 in
2025 2833 2154 2896 qua
2198 2815 2314 2875 aut

183 2923 248 2965 30
275 2902 527 2968 crimen
572 2905 675 2965 est
720 2899 942 2966 Caelio
993 2901 1359 2984 quaesitum
1406 2905 1521 2966 aut
1568 2902 1862 2985 quaestio
1901 2900 2163 2966 sublata
2198 2903 2314 2963 aut

274 2989 637 3055 multarum
681 3011 902 3053 rerum
947 2989 1224 3054 consciis
1271 2990 1475 3054 servis
1523 3011 1672 3054 cum
1719 3010 1914 3054 causa
1949 2987 2313 3072 praemium

272 3077 703 3164 persolutum.
793 3078 887 3142 At
922 3077 1309 3162 propinquis
1351 3078 1617 3162 [inquit]
1656 3077 1919 3162 placuit.
2014 3073 2147 3141 Cur
2182 3098 2316 3141 non

271 3167 585 3251 placeret,
632 3187 780 3230 cum
824 3170 898 3229 tu
945 3187 1085 3230 rem
1130 3170 1196 3230 te
1245 3165 1327 3230 ad
1373 3187 1485 3231 eos
1529 3187 1664 3230 non
1709 3166 1790 3229 ab
1840 3163 1988 3229 aliis
2035 3164 2163 3228 tibi
2210 3164 2314 3228 ad·
2414 3234 2419 3238 ,

271 3256 501 3339 latam,
548 3254 660 3318 sed
706 3276 746 3318 a
791 3259 856 3318 te
903 3254 1048 3337 ipsa
1095 3257 1475 3337 conpertam
1513 3253 1764 3318 deferre
1801 3253 2094 3317 diceres?
2185 3251 2315 3316 Hic
2335 3265 2402 3313 69

186 3361 246 3403 ³5
275 3343 481 3409 etiam
516 3342 848 3425 miramur,
887 3343 947 3407 si
983 3341 1164 3406 illam
1203 3341 1730 3407 commenticiam
1762 3339 2067 3424 pyxidem
2096 3340 2317 3404 obsce-

270 3432 553 3498 nissima
598 3430 687 3494 sit
723 3430 947 3495 fabula
986 3431 1378 3495 consecuta?
1468 3428 1656 3494 Nihil
1694 3434 1814 3513 est,
1861 3427 2034 3512 quod
2071 3428 2141 3492 in
2176 3429 2315 3492 eius

275 3519 458 3585 modi
509 3519 854 3584 mulierem
907 3540 1042 3584 non
1092 3519 1320 3584 cadere
1366 3518 1679 3583 videatur.
1771 3516 2018 3582 Audita
2064 3520 2131 3580 et
2172 3538 2316 3601 per-
