2550 3875
888 182 1044 238 CAP.
1085 189 1292 237 13—15
1330 191 1360 251 ς
1399 190 1626 239 35-40.
2135 187 2262 250 451

232 344 464 409 urbem
510 344 763 409 maluit.
854 343 1117 413 Habeat
1163 366 1320 431 ergo
1366 346 1561 411 huius
1599 347 1771 413 tanti
1806 346 1968 413 facti
2003 351 2268 431 tamque

230 432 553 517 praeclari
628 433 889 497 decreto
960 441 1189 498 nostro
1263 434 1717 500 testimonium
1779 435 2269 521 sempiternum,

232 518 600 605 Galliaque,
647 542 815 604 quae
862 542 1119 605 semper
1152 521 1481 605 praesidet
1519 527 1714 607 atque
1749 524 2079 608 praesedit
2113 524 2266 589 huic

228 609 509 693 imperio
538 608 961 693 libertatique
991 610 1336 693 communi,
1373 611 1608 676 merito
1639 633 1912 696 vereque
1940 612 2260 695 laudetur,

175 709 205 751 ⁵
234 698 407 781 quod
438 719 507 762 se
530 718 809 781 suasque
828 696 1000 762 vires
1018 718 1153 761 non
1172 698 1462 782 tradidit,
1493 700 1604 763 sed
1623 700 1934 784 opposuit
1951 700 2263 766 Antonio,

362 784 585 869 Atque
641 785 841 850 etiam
894 784 982 849 M.
1029 784 1275 869 Lepido
1323 809 1443 869 pro
1492 787 1632 851 eius
1678 788 1959 874 egregiis
2007 788 2077 852 in
2121 810 2260 853 rem

227 873 561 957 publicam
606 873 861 939 meritis
908 873 1342 938 decernendos
1388 874 1670 939 honores
1709 897 1906 959 quam
1943 876 2261 959 amplissi-

229 982 375 1026 mos
423 982 671 1027 censeo.
765 959 1036 1045 Semper
1072 961 1183 1026 ille
1220 963 1540 1046 populum
1575 961 1947 1028 Romanum
1981 964 2263 1029 liberum

228 1049 441 1114 voluit
492 1049 975 1134 maximumque
1032 1050 1295 1135 signum
1347 1050 1465 1115 illo
1521 1050 1623 1115 die
1679 1051 1859 1116 dedit
1902 1052 2260 1118 voluntatis

146 1150 207 1189 10
232 1140 301 1202 et
334 1137 559 1203 iudicii
596 1138 716 1222 sui,
762 1158 911 1203 cum
946 1136 1238 1203 Antonio
1276 1138 1574 1203 diadema
1611 1137 1874 1205 Caesari
1910 1140 2259 1223 inponente

228 1247 299 1290 se
345 1225 588 1291 avertit
631 1226 1010 1311 gemituque
1050 1228 1118 1291 et
1154 1227 1487 1291 maestitia
1524 1228 1898 1312 declaravit,
1944 1232 2261 1312 quantum

224 1314 500 1380 haberet
564 1313 783 1379 odium
846 1314 1211 1398 servitutis,
1270 1336 1466 1399 quam
1519 1317 1837 1399 populum
1890 1314 2259 1381 Romanum

224 1402 507 1468 liberum
563 1405 851 1487 cuperet,
907 1423 1105 1487 quam
1157 1402 1301 1486 illa,
1357 1424 1522 1487 quae
1568 1404 1837 1488 tulerat,
1889 1407 2260 1488 temporum

230 1490 443 1575 magis
486 1490 874 1556 necessitate
924 1512 1123 1574 quam
1164 1490 1406 1556 iudicio
1443 1492 1724 1557 tulisset.
1809 1490 2070 1568 Quanta
2106 1515 2258 1558 vero

143 1600 199 1641 ω
228 1579 288 1643 is
335 1578 777 1644 moderatione
819 1600 979 1643 usus
1017 1579 1107 1643 sit
1142 1579 1212 1643 in
1247 1578 1364 1643 illo
1401 1584 1696 1664 tempore
1733 1580 2040 1663 civitatiS,
2087 1582 2259 1664 quod

224 1670 379 1752 post
433 1671 713 1731 mortem
769 1664 1066 1733 Caesaris
1122 1672 1545 1733 consecutum
1591 1672 1719 1753 est,
1766 1668 1912 1752 quis
1956 1672 2259 1733 nostrum

226 1754 527 1820 oblivisci
590 1754 857 1839 potest?
958 1753 1203 1841 Magna
1264 1756 1452 1839 haec,
1517 1757 1630 1821 sed
1687 1756 1768 1821 ad
1822 1756 2071 1821 maiora
2114 1779 2258 1841 pro-

222 1847 415 1928 perat
444 1843 673 1907 oratio.
740 1841 910 1919 Quid
938 1844 1129 1926 enim,
1168 1865 1206 1908 o
1238 1843 1305 1907 di
1332 1844 1765 1910 immortales!
1805 1845 2255 1910 admirabilius
2275 1862 2336 1911 39

229 1931 534 1998 omnibus
581 1930 908 2018 gentibus,
954 1932 1110 2016 quid
1149 1932 1440 2017 optatius
1477 1932 1720 2017 populo
1759 1932 2056 1999 Romano
2097 1934 2258 2000 acci-

138 2041 199 2083 20
227 2021 377 2086 dere
423 2019 663 2105 potuit,
709 2041 924 2104 quam,
970 2042 1119 2085 cum
1164 2021 1410 2085 bellum
1448 2021 1634 2086 civile
1673 2022 2029 2087 maximum
2067 2027 2258 2107 esset,

219 2109 406 2175 cuius
452 2109 611 2173 belli
660 2109 910 2174 exitum
960 2130 1184 2173 omnes
1222 2109 1624 2194 timeremus,
1672 2110 1995 2193 sapientia
2032 2115 2098 2175 et
2136 2111 2257 2176 cle-

218 2197 469 2262 mentia
496 2196 563 2261 id
587 2197 810 2282 potius
841 2197 1136 2282 extingui
1168 2219 1364 2281 quam
1384 2198 1584 2263 armis
1605 2202 1672 2262 et
1689 2197 1864 2263 ferro
1885 2220 2024 2263 rem
2042 2199 2112 2263 in
2131 2199 2256 2264 dis-

221 2285 471 2350 crimen
506 2284 866 2351 adducere?
931 2282 1178 2360 Quodsi
1216 2286 1442 2350 eadem
1478 2286 1650 2351 ratio
1682 2284 1980 2352 Caesaris
2018 2287 2256 2352 fuisset

218 2373 293 2436 in
354 2373 469 2437 illo
530 2376 745 2437 taetro
801 2372 1168 2456 miseroque
1222 2374 1426 2457 bello,
1484 2378 1561 2439 ut
1618 2375 1923 2439 omittam
1978 2380 2256 2460 patrem,

129 2481 191 2522 25
223 2461 389 2525 duos
437 2458 551 2526 Cn.
596 2460 897 2545 Pompei,
944 2462 1183 2526 summi
1236 2466 1306 2526 et
1350 2462 1703 2549 singularis
1749 2464 1902 2548 viri,
1944 2464 2116 2529 filios
2165 2465 2255 2528 in·

221 2548 501 2614 columis
564 2548 983 2634 haberemus,
1049 2551 1285 2633 quibus
1343 2556 1516 2615 certe
1579 2552 1790 2635 pietas
1843 2551 2059 2617 fraudi
2114 2574 2254 2617 esse

216 2658 354 2702 non
436 2636 676 2701 debuit.
793 2636 1068 2702 Utinam
1152 2659 1374 2703 omnes
1456 2639 1545 2702 M.
1627 2638 1911 2723 Lepidus
1997 2662 2253 2704 servare

217 2725 572 2809 potuisset!
609 2723 937 2790 facturum
971 2725 1174 2790 fuisse
1203 2727 1557 2792 declaravit
1585 2727 1654 2790 in
1683 2749 1778 2812 eo,
1817 2728 1989 2811 quod
2016 2729 2254 2812 potuit,

219 2835 371 2879 cum
386 2811 531 2880 Sex.
550 2812 937 2897 Pompeium
949 2813 1244 2877 restituit
1259 2814 1531 2899 civitati,
1550 2815 1903 2879 maximum
1923 2836 2255 2880 ornamen-

123 2923 188 2964 so
220 2906 365 2965 tum
420 2901 517 2966 rei
569 2901 897 2986 publicae,
952 2901 1389 2966 clarissimum
1441 2907 1935 2968 monumentum
1982 2903 2254 2969 clemen-

214 2989 349 3054 tiae
407 3011 579 3056 suae.
673 2988 906 3054 Gravis
952 2989 1068 3053 illa
1113 2989 1380 3055 fortuna
1423 2991 1652 3075 populi
1697 2991 2008 3076 Romani,
2054 3012 2252 3077 grave

214 3077 445 3143 fatum.
554 3076 867 3161 Pompeio
936 3078 1109 3143 enim
1180 3082 1396 3163 patre,
1470 3079 1644 3162 quod
1708 3078 1965 3163 imperii
2022 3081 2252 3164 populi

215 3165 501 3230 Romani
563 3165 788 3230 lumen
848 3163 1004 3248 fuit,
1068 3166 1358 3232 extincto
1422 3165 1804 3231 interfectus
1871 3171 1974 3232 est
2038 3169 2251 3252 patris

216 3254 603 3320 simillimus
661 3254 855 3318 filius.
959 3251 1086 3320 Sed
1142 3255 1361 3320 omnia
1416 3255 1580 3319 mihi
1633 3255 1934 3321 videntur
1987 3256 2255 3321 deorum
2273 3276 2342 3325 40

121 3361 187 3405 ³5
217 3341 694 3406 immortalium
728 3341 968 3406 iudicio
1008 3343 1269 3427 expiata
1310 3342 1453 3408 Sex.
1483 3342 1796 3427 Pompeio
1831 3344 1926 3408 rei
1953 3344 2251 3427 publicae

217 3433 620 3494 conservato.
714 3429 925 3506 Quam
971 3432 1055 3495 ob
1103 3453 1367 3496 causam
1411 3431 1656 3496 iustam
1694 3436 1890 3516 atque
1930 3453 2253 3519 magnam,
2276 3443 2358 3508 15

217 3520 288 3582 et
345 3518 517 3601 quod
564 3518 1190 3602 periculosissimum
1238 3520 1427 3585 civile
1474 3520 1720 3584 bellum
1767 3521 2250 3606 maximumque

1815 3627 1925 3677 29*

2286 756 2369 820 14

2281 844 2350 895 38
