2550 3875
417 166 504 231 68
674 164 755 219 IN
790 164 850 219 P.
888 162 1261 219 VATINIUM
1294 161 1585 217 TESTEM
1619 161 2191 219 INTERROGATIO.

419 350 568 394 cum
612 326 674 391 ei
717 326 972 410 patriae
1018 325 1297 410 peperci,
1343 347 1542 428 quam
1588 347 1937 409 servaram,
1982 328 2067 409 et,
2113 325 2171 391 si
2215 344 2338 411 ego
2374 329 2435 388 te

417 415 816 500 perditorem
879 418 947 479 et
1011 418 1389 479 vexatorem
1450 415 1547 479 rei
1608 414 1910 499 publicae
1974 412 2142 497 fero,
2205 416 2281 477 tu
2338 435 2435 477 me

419 507 944 569 conservatorem
1009 506 1076 567 et
1135 502 1475 567 custodem
1527 502 1717 567 feras
1816 502 2067 567 Deinde
2124 501 2263 565 eius
2318 502 2437 565 viri

419 591 776 692 discessum
819 592 1148 675 increpas,
1195 613 1388 693 quem
1434 591 1613 656 vides
1662 591 1954 656 omnium
1998 590 2240 655 civium
2283 589 2437 654 desi-

419 680 625 764 derio,
677 679 886 764 ipsius
942 679 1218 763 denique
1273 679 1369 743 rei
1424 679 1723 763 publicae
1772 678 1958 744 luctu
2002 700 2144 744 esse
2189 700 2439 744 revoca·
2482 701 2506 740 5

419 773 579 833 tum.
687 767 781 832 At
853 768 1030 831 enim
1093 767 1319 832 dixisti
1379 789 1514 832 non
1576 789 1745 851 mea,
1816 768 1930 833 sed
1988 767 2083 832 rei
2145 766 2439 852 publicae

421 878 618 922 causa
667 856 970 921 homines
1022 856 1101 921 de
1147 877 1294 920 meo
1340 856 1557 922 reditu
1600 855 1951 921 laborasse.
2044 855 2247 931 Quasi
2291 876 2439 919 vero

422 945 767 1029 quisquam
825 945 926 1009 vir
981 944 1323 1009 excellenti
1379 944 1596 1009 animo
1650 945 1722 1008 in
1772 966 1912 1008 rem
1964 943 2297 1028 publicam
2354 943 2443 1006 in-

421 1055 684 1119 gressus
724 1032 1082 1117 optabilius
1121 1033 1471 1115 quicquam
1508 1032 1865 1097 arbitretur
1902 1053 2097 1116 quam
2134 1052 2203 1095 se
2242 1053 2283 1094 a
2312 1031 2441 1095 suis

370 1131 402 1179 8
424 1122 674 1188 civibus
721 1122 816 1186 rei
860 1120 1162 1205 publicae
1206 1142 1404 1184 causa
1438 1120 1643 1221 diligi
1736 1118 1999 1184 Scilicet
2034 1141 2269 1203 aspera
2302 1141 2445 1183 mea
2468 1142 2511 1181 ιο

419 1215 674 1294 natura,
711 1210 999 1274 difficilis
1030 1209 1265 1292 aditus,
1295 1209 1517 1293 gravis
1544 1208 1781 1291 voltus,
1808 1207 2089 1291 superba
2115 1228 2445 1291 responsa,

421 1299 710 1364 insolens
759 1297 924 1380 vita3
979 1318 1173 1362 nemo
1221 1296 1755 1361 consuetudinem
1798 1317 2039 1379 meam,
2092 1316 2287 1360 nemo
2335 1296 2447 1360 hu-

421 1386 830 1469 manitatem,
863 1406 1057 1450 nemo
1087 1384 1453 1469 consilium,
1482 1406 1675 1449 nemo
1704 1384 2017 1448 auxilium
2046 1384 2447 1468 requirebat3

423 1475 608 1539 cuius
645 1474 984 1556 desiderio,
1010 1476 1088 1537 ut
1114 1472 1276 1538 haec
1306 1472 1578 1537 minima
1606 1472 1834 1555 dicam,
1861 1472 2077 1536 forum
2104 1476 2449 1554 maestum,

422 1565 610 1627 muta
673 1560 876 1644 curia,
941 1561 1162 1625 omnia
1223 1561 1500 1643 denique
1558 1560 1880 1624 bonarum
1934 1560 2177 1623 artium
2234 1560 2450 1624 studia
2472 1582 2513 1622 15

424 1650 764 1715 siluerunt.
848 1646 974 1713 Sed
1010 1648 1176 1712 nihil
1215 1649 1307 1712 sit
1343 1648 1593 1713 factum
1626 1670 1773 1714 mea
1809 1669 2033 1727 causa3
2076 1649 2303 1712 omnia
2336 1649 2451 1711 illa

425 1741 689 1803 senatus
736 1737 1062 1820 consulta,
1108 1736 1336 1821 populi
1382 1737 1585 1821 iussa,
1630 1735 1863 1802 Italiae
1908 1735 2143 1819 totius,
2193 1741 2453 1801 cuncta·
2526 1744 2528 1767 ²

424 1846 570 1891 rum
627 1825 1044 1908 societatum,
1103 1824 1531 1910 collegiorum
1583 1824 1872 1889 omnium
1918 1825 2179 1889 decreta
2227 1824 2308 1889 de
2354 1846 2451 1889 me
2526 1768 2528 1898 1

425 1914 518 1978 rei
577 1913 874 1998 publicae
931 1935 1128 1980 causa
1184 1934 1325 1978 esse
1380 1912 1557 1979 facta
1608 1912 1947 1979 fateamur.
2048 1912 2225 1990 Quid
2278 1935 2452 2000 ergo,

423 2003 623 2067 homo
669 2002 1158 2086 imperitissime
1206 2002 1453 2067 solidae
1498 2001 1707 2066 laudis
1748 2025 1823 2067 ac
1860 2023 2047 2066 verae
2086 2002 2453 2087 dignitatis,
2474 2025 2513 2064 2⁰

423 2090 868 2175 praestantius
918 2091 1081 2155 mihi
1125 2091 1348 2175 potuit
1395 2091 1709 2174 accidere,
1766 2090 1920 2174 quid
1967 2091 2333 2193 optabilius
2380 2091 2455 2154 ad

424 2178 970 2244 inmortalitatem
1034 2179 1283 2263 gloriae
1341 2183 1535 2262 atque
1590 2179 1674 2244 ad
1726 2179 2109 2244 memoriam
2164 2179 2301 2243 mei
2350 2201 2457 2243 no·
2524 2239 2526 2244 .

426 2267 622 2332 minis
669 2267 1151 2351 sempiternam,
1199 2289 1395 2350 quam
1442 2267 1653 2332 omnis
1700 2267 1827 2332 hoc
1872 2267 2031 2333 civis
2072 2288 2259 2332 meos
2297 2268 2455 2332 iudi·
2524 2261 2526 2270 '

427 2377 590 2438 care,
634 2354 921 2420 civitatis
962 2356 1242 2421 salutem
1281 2378 1428 2420 cum
1464 2355 1657 2419 unius
1695 2377 1841 2420 mea
1877 2355 2088 2420 salute
2125 2377 2271 2420 esse
2312 2377 2455 2420 oon-

373 2451 406 2498 9
425 2443 760 2507 iunctam?
855 2441 1042 2519 Quod
1089 2444 1351 2528 quidem
1397 2463 1519 2527 ego
1566 2443 1691 2508 tibi
1736 2444 1933 2508 reddo
1978 2447 2190 2508 tuum.
2280 2443 2455 2510 Nam
2478 2465 2517 2506 2⁵

424 2535 501 2594 ut
546 2534 622 2594 tu
675 2552 779 2595 me
838 2553 1060 2595 carum
1115 2553 1255 2596 esse
1312 2531 1539 2596 dixisti
1594 2533 1852 2598 senatui
1902 2531 2281 2616 populoque
2336 2532 2457 2597 Ro—

427 2640 620 2683 mano
665 2641 800 2684 non
845 2623 984 2683 tam
1030 2641 1177 2682 mea
1223 2641 1421 2684 causa
1466 2642 1665 2703 quam
1699 2621 1797 2685 rei
1830 2620 2149 2704 publicae,
2200 2621 2299 2685 sic
2337 2641 2456 2705 ego

425 2712 512 2792 te,
558 2728 954 2792 quamquam
1001 2729 1070 2772 es
1119 2708 1297 2772 omni
1339 2707 1604 2772 diritate
1642 2713 1838 2791 atque
1872 2708 2288 2774 immanitate
2330 2713 2459 2773 tae-
2522 2745 2524 2778 :

426 2795 762 2879 terrimuS,
816 2799 1039 2860 tamen
1093 2796 1236 2860 dico
1284 2817 1426 2860 esse
1474 2796 1623 2862 odio
1672 2796 1927 2862 civitati
1968 2819 2107 2862 non
2147 2801 2295 2862 tam
2343 2801 2457 2861 tuo
2522 2795 2524 2842 ἱ

428 2905 624 2967 quam
670 2883 764 2947 rei
807 2885 1106 2968 publicae
1152 2883 1431 2949 nomine.
2480 2903 2521 2945 2¹

363 2978 408 3042 4
560 2971 782 3054 Atque
825 2976 902 3036 ut
948 2973 1298 3074 aliquando
1346 2974 1428 3037 ad
1474 2977 1541 3037 te
1587 2973 1868 3058 veniam,
1920 2973 1998 3037 de
2042 2995 2148 3038 me
2194 2973 2331 3040 hoe
2378 2973 2461 3038 sit

427 3063 807 3124 extremum.
873 3059 1042 3135 Quid
1083 3061 1355 3144 quisque
1392 3064 1694 3125 nostrum
1732 3062 1809 3125 de
1846 3082 1916 3126 se
1952 3061 2093 3145 ipse
2129 3062 2462 3147 loquatur,

424 3170 560 3213 non
605 3150 707 3212 est
754 3169 907 3212 sane
953 3149 1438 3232 requirendum3
1484 3149 1641 3214 boni
1685 3149 1811 3214 viri
1844 3151 1998 3230 quid
2026 3150 2356 3236 iudicent,
2397 3150 2463 3214 id

343 3254 408 3302 10
430 3239 531 3299 est
577 3235 847 3298 maximi
893 3237 1208 3301 momenti
1245 3240 1313 3300 et
1347 3237 1673 3320 ponderis.
1763 3235 1912 3302 Duo
1949 3241 2103 3302 sunt
2138 3242 2461 3323 tempora,

430 3322 666 3404 quibus
711 3327 1090 3389 nostrorum
1136 3324 1378 3388 civium
1423 3328 1802 3409 spectentur
1844 3324 2085 3389 iudicia
2130 3326 2215 3390 de
2252 3327 2461 3406 nobis,
2480 3319 2523 3394 ἐ

427 3431 629 3473 unum
692 3410 990 3496 honoria,
1055 3413 1333 3476 alterum
1400 3414 1653 3478 salutis.
1750 3412 1979 3477 Honos
2042 3412 2167 3476 tali
2234 3413 2463 3499 populi

430 3493 711 3561 Romani
765 3499 1102 3564 voluntate
1157 3499 1385 3583 paucis
1442 3505 1544 3566 est
1600 3502 1853 3566 delatus
1910 3522 1985 3566 ac
2031 3500 2230 3585 mihi,
2286 3504 2464 3568 salus

2514 3685 2521 3836 1
