2550 3875
859 165 1014 222 CAP.
1057 173 1266 222 11-14
1304 174 1334 234 ς
1372 174 1599 224 28—33.
2156 167 2240 232 ’Π

219 328 481 412 epulum
535 328 766 412 populi
811 327 1119 412 Romani,
1172 328 1413 394 festum
1466 329 1636 394 diem
1682 334 1984 416 argento,
2039 333 2241 414 veste,

222 416 398 482 omni
455 420 777 500 apparatu
832 420 1193 500 ornatuque
1247 417 1542 502 visend03
1606 418 1751 501 quis
1805 440 2119 502 umquam
2172 419 2244 483 in

218 505 403 570 luctu
448 504 827 588 domestic0‚
874 504 1019 588 quis
1065 504 1136 568 in
1179 504 1405 569 funere
1450 505 1761 570 familiari
1799 506 2055 571 cenavit
2094 528 2242 571 cum

220 597 379 678 toga
430 592 639 676 pulla,
705 592 809 657 cui
863 593 940 656 de
996 592 1272 656 balineis
1330 594 1590 657 exeunti
1644 597 1905 677 praeter
1959 597 2027 658 te
2082 599 2241 679 toga

161 699 194 738 ὁ
220 682 402 766 pulla
463 702 777 764 umquam
833 680 986 744 data
1039 681 1185 745 est‘?
1286 679 1452 746 Cum
1507 684 1611 745 tot
1664 681 2007 746 hominum
2059 682 2245 746 milia

220 770 695 852 accumberent,
734 790 882 833 cum
917 769 1058 853 ipse
1096 769 1272 852 epuli
1308 768 1627 853 dominuS,
1667 769 1741 846 Q.
1779 769 2033 854 ArriuS‚
2070 770 2246 835 alba-

217 862 328 922 tus
376 860 577 941 esset,
631 860 707 922 tu
751 856 824 920 in
867 857 1186 940 templum
1233 855 1529 922 Castoris
1576 861 1642 921 te
1690 880 1839 923 cum
1884 857 1955 924 G.
2002 858 2242 923 Fibulo

220 949 437 1010 atrato
485 945 845 1028 ceterisque
891 944 1025 1008 tuis
1071 944 1260 1009 furiis
1308 945 1640 1010 funestum
1684 945 1987 1010 intulisti.
2079 947 2241 1024 Quis

219 1038 364 1098 tum
398 1055 532 1098 non
565 1033 906 1119 ingemuit,
945 1033 1090 1117 quis
1114 1051 1261 1098 ‘non
1288 1033 1499 1098 doluit
1526 1034 1623 1098 rei
1648 1033 1948 1117 publicae
1978 1035 2243 1100 casum?

138 1142 194 1181 ιο
221 1123 333 1206 qui
389 1124 602 1186 sermo
659 1121 827 1186 alius
881 1121 955 1185 in
1005 1121 1122 1185 illo
1177 1121 1370 1205 epulo
1425 1120 1555 1185 fuit
1598 1121 1729 1186 nisi
1770 1121 1941 1186 hanc
1986 1126 2244 1187 tantam

221 1214 289 1276 et
343 1213 483 1275 tam
537 1231 806 1295 gravem
860 1208 1195 1274 civitatem
1251 1209 1614 1275 subiectam
1669 1232 1811 1275 esse
1862 1232 1999 1274 non
2049 1210 2242 1275 modo

217 1298 444 1382 furori,
489 1321 714 1362 verum
760 1297 960 1362 etiam
1003 1297 1303 1361 inrisioni
1348 1299 1544 1362 tuae‘?
1634 1297 1829 1364 Hunc
1872 1302 1949 1362 tu
1994 1320 2243 1363 morem
2262 1303 2331 1351 32

218 1387 616 1472 ignorabas?
661 1407 1018 1470 numquam
1063 1385 1329 1469 epulum
1372 1386 1645 1470 videras,
1688 1407 2046 1470 numquam
2081 1408 2244 1470 puer

220 1480 337 1540 aut
401 1474 778 1539 adulescens
833 1474 1006 1539 inter
1073 1495 1263 1539 cocos
1332 1473 1595 1539 fueras?
1704 1473 1965 1558 Fausti,
2030 1474 2245 1539 adule-

136 1584 192 1624 15
221 1563 464 1628 scentis
509 1561 922 1645 nobilissimi,
967 1562 1162 1646 paulo
1204 1565 1355 1626 ante
1394 1585 1473 1627 ex
1508 1562 1699 1646 epulo
1738 1563 2245 1648 magnificentis-
2329 1614 2337 1621 .

219 1652 389 1716 simo
425 1651 666 1715 famem
701 1650 886 1714 illam
921 1654 1207 1715 veterem
1244 1654 1429 1714 tuam
1463 1673 1598 1715 non
1628 1650 1969 1734 expleras?
2034 1651 2243 1727 Quem

219 1740 604 1806 accumbere
624 1741 914 1802 atratum
927 1738 1181 1803 videras
1192 1738 1227 1802 ⁴?
1286 1739 1543 1804 Videras
1561 1738 1897 1804 dominum
1915 1760 2065 1805 cum
2084 1743 2245 1824 toga

216 1829 404 1913 pulla
430 1831 498 1892 et
525 1827 663 1892 eius
685 1827 928 1891 amicos
951 1831 1101 1890 ante
1121 1826 1505 1892 convivium.
1554 1827 1733 1904 Quae
1755 1831 1945 1891 tanta
1964 1833 2017 1891 te
2031 1828 2245 1892 tenuit

221 1916 534 2000 amentia,
589 1919 691 2000 ut,
742 1914 873 1980 nisi
916 1915 985 1979 id
1030 1914 1324 2000 fecisses,
1372 1915 1544 1999 quod
1588 1915 1690 1980 fas
1736 1936 1871 1981 non
1913 1915 2069 1999 fuit,
2113 1916 2245 1981 nisi

138 2028 194 2069 20
220 2006 536 2071 violasses
564 2004 885 2087 templum
904 2002 1216 2087 CastoriS,
1242 2026 1483 2068 nomen
1511 2004 1705 2088 epuli,
1734 2004 1957 2069 oculos
1988 2004 2246 2089 civium,

219 2116 472 2159 morem
527 2097 840 2176 veterem,
894 2092 1061 2175 eiuS,
1117 2092 1230 2176 qui
1275 2096 1342 2158 te
1388 2092 1719 2175 invitarat,
1766 2093 2246 2176 auctoritatem,

217 2204 454 2267 pamm
493 2185 758 2267 putares
797 2180 1225 2245 testificatum
1263 2202 1404 2245 esse
1444 2180 1953 2265 supplicationes
1991 2184 2058 2244 te
2094 2180 2246 2245 illas

216 2294 356 2337 non
399 2270 674 2354 putare?
2268 2308 2349 2371 14

361 2357 615 2435 Quaero
663 2357 864 2422 etiam
910 2325 1072 2421 illud
1110 2378 1188 2421 ex
1224 2359 1311 2441 te,
1358 2357 1531 2440 quod
1566 2356 1864 2441 privatus
1902 2356 2246 2441 admisisti,
2266 2398 2337 2447 33

139 2469 194 2509 25
222 2447 296 2511 in
350 2456 478 2530 quo
536 2449 710 2511 certe
765 2446 898 2509 iam
952 2445 1079 2509 tibi
1127 2445 1339 2510 dicere
1382 2466 1516 2510 non
1559 2445 1787 2509 licebit
1833 2466 1981 2509 cum
2029 2445 2248 2510 claris-

224 2535 376 2599 simi
429 2534 554 2598 viri
611 2555 806 2600 causa
857 2537 1041 2598 tuam
1095 2554 1236 2597 esse
1294 2533 1733 2617 coniunctam,
1790 2533 2247 2616 postulatusne

223 2624 316 2688 sis
353 2622 499 2709 lege
537 2621 790 2687 Licinia
827 2626 894 2686 et
929 2620 1146 2705 Iunia3
1184 2621 1539 2686 edixeritne
1578 2619 1647 2686 O.
1683 2619 2032 2685 Memmius
2068 2643 2249 2705 prae·

222 2715 336 2776 tor
379 2732 458 2775 ex
504 2732 580 2775 ea
622 2710 787 2795 lege,
831 2713 908 2773 ut
945 2710 1202 2774 adesses
1239 2709 1341 2774 die
1379 2708 1783 2793 tricensim03
1830 2731 1979 2773 cum
2014 2709 2073 2773 is
2111 2709 2248 2773 dies

222 2799 529 2883 venisset,
572 2798 904 2881 fecerisne,
949 2798 1124 2881 quod
1167 2798 1240 2861 in
1282 2797 1407 2862 hac
1453 2820 1522 2862 re
1567 2796 1831 2881 publica
1874 2819 2009 2861 non
2053 2797 2249 2861 modo

138 2912 196 2952 so
222 2887 476 2952 factum
520 2890 714 2951 antea
755 2908 1114 2970 numquam
1161 2889 1278 2969 est,
1326 2885 1491 2950 sed
1472 2908 1545 2951 111
1580 2884 1758 2949 0111111
1795 2884 2111 2948 memoria
2148 2888 2250 2948 est

227 2975 492 3040 omnino
538 2974 931 3058 inauditum,
986 2973 1418 3057 appellarisne
1465 2973 1764 3037 tribunos
1810 2973 1923 3056 pl.,
1976 2992 2057 3035 ne
2106 2993 2251 3035 cau-

226 3084 371 3128 sam
417 3064 662 3128 diceres
705 3099 781 3109 —
821 3062 1029 3126 levius
1078 3061 1237 3146 dixi3
1285 3083 1681 3146 quamquam
1716 3060 1785 3124 id
1820 3060 2038 3143 ipsum
2076 3064 2251 3124 esset

228 3156 296 3215 et
340 3173 585 3216 novum
629 3155 698 3215 et
739 3172 873 3216 non
916 3150 1255 3215 ferendum
1298 3184 1373 3196 —
1417 3150 1529 3215 sed
1576 3148 2007 3232 appellarisne
2044 3148 2253 3213 nomi·-

225 3239 438 3304 natim
473 3243 728 3323 pestem
763 3239 942 3303 illius
980 3238 1150 3321 anni,
1193 3238 1437 3301 furiam
1471 3237 1741 3320 patriae,
1788 3238 2251 3319 tempestatem

141 3351 199 3393 36
228 3327 324 3392 rei
385 3328 713 3412 publicae,
779 3326 1097 3393 Clodium.
1190 3324 1318 3401 Qui
1382 3328 1606 3389 tamen
1668 3346 1817 3389 cum
1870 3323 2037 3407 iure,
2103 3343 2252 3386 cum

230 3436 438 3499 more,
503 3437 651 3480 cum
705 3418 1033 3499 potestate
1088 3413 1401 3478 iudicium
1454 3412 1769 3496 impedire
1824 3432 1957 3476 non
2010 3413 2253 3495 posset,

229 3503 426 3567 rediit
490 3504 572 3568 ad
634 3504 819 3568 illam
872 3502 1006 3567 vim
1060 3505 1126 3565 et
1180 3500 1470 3566 furorem
1526 3521 1713 3565 suum
1770 3500 2126 3585 ducemque
2182 3519 2253 3561 se
