2550 3875
870 168 1023 223 cAP.
1064 175 1202 223 4-0
1242 175 1272 234 g
1315 175 1542 224 14-19.
2100 169 2230 233 481

183 331 535 396 dissentire
582 351 871 414 possum,
918 330 1057 394 sine
1106 330 1308 394 animi
1355 352 1611 395 summo
1658 329 1882 395 dolore
1918 351 2052 394 non
2089 352 2237 414 pos-

184 415 380 484 sum.'
450 418 667 482 Parva
722 421 823 482 est
880 417 1055 482 enim
1111 418 1275 481 mihi
1332 422 1548 482 tecum
1605 424 1718 482 aut
1772 440 1976 502 parva
2028 418 2106 482 de
2161 441 2232 483 re

184 506 555 572 dissensio?
611 527 732 591 ego
788 505 942 570 huic
998 505 1214 589 faveo,
1270 509 1346 569 tu
1401 507 1547 570 illi?
1637 506 1849 571 Immo
1905 528 2059 570 vero
2108 527 2232 592 ego

182 595 268 660 D.
315 595 525 659 Bruto
574 594 790 677 fave0,
835 597 909 658 tu
956 593 1043 658 M.
1090 593 1414 678 Antoni03
1470 615 1592 679 ego
1640 596 2011 660 conservari
2058 595 2227 660 colo-

118 708 151 748 5
182 685 365 748 niam
410 683 637 767 populi
685 681 967 747 Romani
1015 683 1225 766 cupio,
1273 686 1348 746 tu
1394 683 1754 768 expugnari
1801 684 2040 747 studes
2123 683 2231 747 An
2249 673 2292 737 6

183 772 313 836 hoc
349 791 589 856 negare
624 775 833 854 poteS,
882 770 993 854 qui
1034 792 1259 834 omnes
1298 791 1516 834 moras
1555 771 1952 854 interponas,
1990 771 2228 854 quibus

182 859 553 924 infirmetur
606 859 883 936 Brutus,
939 859 1173 922 melior
1227 858 1346 922 fiat
1401 858 1777 923 Antonius?
1876 858 2228 942 Quousque

184 947 363 1012 enim
409 947 584 1012 dices
629 968 858 1031 pacem
901 947 1068 1010 velle
1116 947 1229 1010 te?
1303 945 1434 1011 Res
1481 947 1752 1032 geritur,
1796 947 1844 1030 †
1874 947 2228 1012 conductae

183 1035 386 1100 liniae
450 1039 630 1120 sunt,
693 1038 1027 1120 pugnatur
1082 1035 1414 1099 acerrime.
1516 1034 1642 1111 Qui
1703 1035 2229 1117 intercurrerent,

94 1151 155 1190 ιο
185 1123 489 1188 misimus
562 1128 697 1187 tres
770 1123 1099 1206 principes
1174 1123 1480 1188 civitatis.
1597 1121 1742 1187 Hos
1815 1122 2228 1206 contempsit,

184 1211 434 1295 reiecit,
477 1210 847 1296 repudiavit
891 1211 1249 1296 Antonius3
1305 1215 1380 1275 tu
1425 1215 1648 1276 tamen
1691 1232 2034 1294 permanes
2081 1232 2228 1274 con-

186 1299 635 1365 stantissimus
682 1299 985 1363 defensor
1019 1298 1288 1364 Antoni.
1370 1299 1463 1363 Et
1501 1300 1781 1383 quidem,
1827 1320 1955 1382 quo
1994 1299 2228 1362 melior
2251 1309 2316 1356 18

185 1393 455 1453 senator
506 1387 831 1472 videatur,
886 1392 1089 1472 negat
1146 1408 1215 1452 se
1271 1387 1371 1451 illi
1428 1388 1728 1460 amicum,
1767 1409 1908 1452 esse
1965 1387 2230 1470 debere3

183 1499 335 1542 cum
393 1497 510 1541 suo
566 1485 807 1560 magno
865 1480 1039 1540 esset
1095 1475 1438 1558 beneficio,
1494 1476 1747 1540 venisse
1803 1497 1951 1539 eum
1999 1478 2230 1540 contra

94 1591 153 1631 1⁵
186 1587 275 1630 se.
369 1563 554 1648 Vide,
602 1567 849 1647 quanta
894 1564 1134 1629 caritas
1182 1564 1271 1628 sit
1315 1563 1597 1648 patriae3
1647 1584 1793 1628 cum
1838 1562 2091 1626 homini
2137 1563 2228 1627 sit

182 1653 424 1736 iratus,
480 1657 705 1716 tamen
758 1651 854 1716 rei
907 1652 1207 1736 publicae
1267 1673 1463 1716 eausa
1507 1651 1796 1716 defendit
1841 1651 2226 1715 Antonium.

181 1741 335 1827 Ego
382 1744 468 1823 te,
516 1762 664 1805 cum
712 1740 780 1804 in
825 1739 1257 1804 Massiliensis
1306 1744 1444 1804 tam
1492 1761 1560 1804 es
1609 1740 1900 1822 acerbus,
1947 1739 2022 1815 Q.
2058 1738 2226 1823 Fufi,

182 1851 320 1894 non
376 1829 593 1894 animo
652 1849 859 1911 aequo
917 1828 1127 1892 audio.
1221 1827 1574 1911 Quousque
1631 1829 1804 1892 enim
1859 1790 2227 1892 Massiliam

184 1917 645 2005 oppugnabis?
699 1939 780 1981 ne
834 1916 1207 2001 triumphus
1264 1917 1530 2018 quidem
1581 1915 1778 1981 finem
1833 1915 1995 1981 facit
2049 1915 2226 2000 belli,

92 2035 153 2075 20
181 2029 303 2092 per
368 2028 563 2091 quem
624 2006 762 2069 lata
816 2009 920 2069 est
974 2006 1133 2069 urbs
1190 2026 1293 2089 ea,
1357 2005 1497 2069 sine
1553 2027 1682 2088 qua
1735 2026 2093 2088 numquam
2148 2026 2227 2069 ex

181 2094 637 2178 Transalpinis
686 2094 994 2179 gentibus
1041 2093 1322 2158 maiores
1357 2093 1571 2158 nostri
1611 2093 2226 2177 triumphaverunt?

184 2183 333 2260 Quo
417 2182 679 2266 quidem
752 2185 1046 2283 tempore
1120 2182 1400 2266 populus
1465 2181 1801 2247 Romanus
1873 2182 2226 2267 ingemuit3

184 2292 584 2355 quamquam
656 2270 957 2354 proprios
1030 2270 1290 2335 dolores
1362 2291 1629 2335 suarum
1707 2292 1928 2334 rerum
2001 2291 2227 2335 omnes

180 2359 545 2441 habebant,
602 2362 824 2422 tamen
878 2358 1073 2422 huius
1126 2358 1415 2423 civitatis
1461 2359 1879 2423 fidelissimae
1926 2359 2226 2423 miserias

92 2474 151 2516 2⁵
180 2469 377 2512 nemo
480 2450 623 2511 erat
720 2446 877 2511 civis
980 2446 1091 2529 qui
1175 2468 1215 2511 a
1297 2468 1366 2512 se
1449 2447 1694 2511 alienas
1778 2446 2226 2511 arbitraretur.

182 2534 427 2600 Caesar
461 2536 622 2619 ipse,
668 2535 782 2617 qui
817 2534 952 2599 illis
979 2534 1209 2599 fuerat
1245 2533 1660 2620 iratissimus,
1697 2538 1920 2599 tamen
1955 2539 2226 2618 propter
2250 2544 2315 2592 19

122 2632 128 2636 ’
182 2624 588 2708 singularem
642 2622 781 2687 eius
838 2622 1127 2687 civitatis
1184 2624 1580 2708 gravitatem
1629 2627 1696 2687 et
1745 2623 1939 2687 fidem
1989 2622 2227 2687 cotidie

183 2711 434 2795 aliquid
478 2710 851 2776 iracundiae
897 2711 1305 2795 remittebat3
1349 2715 1415 2775 te
1460 2711 1642 2776 nulla
1689 2732 1807 2775 sua
1853 2710 2226 2774 calamitate

184 2799 421 2865 civitas
482 2799 722 2864 satiare
787 2802 925 2863 tam
988 2798 1197 2863 fidelis
1251 2800 1520 2882 potest?
1624 2798 1880 2863 Rursus
1936 2798 2069 2860 iam
2124 2818 2228 2861 me

96 2914 157 2956 so
183 2888 382 2951 irasci
435 2886 719 2952 fortasse
766 2888 958 2953 dices.
1048 2886 1196 2973 Ego
1245 2891 1466 2951 autem
1513 2887 1652 2951 sine
1698 2885 2036 2950 iracundia
2083 2884 2227 2949 dico

184 2976 407 3041 omnia
469 2998 589 3041 nec
655 2979 878 3040 tamen
946 2974 1085 3039 sine
1146 2974 1368 3039 dolore
1439 2974 1668 3058 animi;
1729 2972 2059 3037 neminem
2127 2972 2228 3035 illi

184 3063 443 3129 civitati
497 3062 839 3128 inimicum
893 3084 1035 3128 esse
1082 3061 1396 3145 arbitror,
1452 3062 1564 3147 qui
1612 3060 1858 3126 amicus
1921 3061 2076 3125 huic
2141 3060 2230 3124 sit

185 3152 457 3218 civitati.
574 3150 999 3237 Excogitare,
1085 3173 1250 3234 quae
1338 3154 1456 3215 tua
1528 3150 1696 3214 ratio
1773 3148 1887 3232 sit,
1971 3147 2230 3232 Calene,

183 3261 321 3305 non
410 3260 697 3324 possum.
832 3238 1050 3304 Antea
1130 3240 1457 3305 deterrere
1540 3242 1634 3323 te,
1727 3259 1808 3301 ne
1890 3236 2229 3321 popularis

0 3341 1 3356 l
94 3354 154 3397 ⁸5
186 3349 383 3412 esses,
428 3349 562 3392 non
606 3331 1011 3411 poteramus,
1062 3348 1329 3391 exorare
1375 3348 1565 3409 nunc,
1611 3329 1688 3390 ut
1735 3325 1826 3389 sis
1871 3325 2230 3410 popularis,

182 3437 322 3482 non
401 3436 767 3500 possumus.
898 3398 1075 3481 Satis
1156 3416 1368 3479 multa
1453 3436 1602 3480 cum
1674 3413 1862 3479 Fufio
1939 3435 2014 3478 ac
2087 3413 2230 3479 sine

185 3504 338 3571 odio
405 3504 651 3587 omnia,
722 3504 889 3569 nihil
953 3504 1093 3569 sine
1156 3504 1400 3568 dolore.
1518 3500 1727 3568 Credo
1795 3506 2042 3587 autem,
2118 3502 2233 3587 qui

294 3614 498 3659 o10.11,
524 3618 564 3657 a
1840 3611 1906 3659 31
