2550 3875
752 176 905 233 CAP.
944 183 1153 232 25-—27
1194 185 1225 244 ς
1265 184 1492 234 62-67.
1790 136 1798 145 ι
1995 180 2126 244 397

103 344 393 408 inventus
443 344 547 406 est
590 360 781 405 nemo
818 342 1079 423 praeter
1115 338 1496 424 Antonium,
1543 342 1932 424 praesertim
1977 361 2126 406 cum

101 434 206 496 tot
280 433 497 495 essent
570 428 814 493 circum
884 427 1148 493 hastam
1218 428 1430 512 illam,
1516 430 1628 513 qui
1703 429 1834 494 alia
1905 431 2128 495 omnia

99 520 432 602 auderent3
500 538 665 581 unus
728 517 1033 579 inventus
1100 518 1227 598 est,
1293 517 1405 600 qui
1467 516 1536 581 id
1595 518 1888 601 auderet,
1952 518 2126 602 quod

94 607 381 673 omnium
444 604 727 690 fugisset
791 607 859 669 et
921 603 1412 669 reformidasset
1478 605 1762 669 audacia.
1869 605 2121 671 Tantus
2143 618 2212 665 65

62 696 302 779 ‚igitur
345 698 412 758 te
460 696 692 776 stupor
730 692 1057 775 oppressit
1092 691 1213 775 vel,
1258 696 1335 755 ut
1370 693 1586 757 verius
1624 694 1852 777 dicam,
1897 697 2124 759 tantus
2221 742 2233 757 .

88 784 301 866 furor,
361 786 439 846 ut
501 782 814 864 primum,
872 801 1021 845 cum
1084 783 1302 844 sector
1377 780 1467 844 sis
1521 781 1652 845 isto
1707 781 1853 846 loco
1908 787 2123 867 natus,

86 870 318 936 deinde
384 891 531 934 cum
592 868 865 951 Pompei
931 872 1173 950 sector,
1235 889 1370 932 non
1425 872 1492 932 te
1549 874 1957 935 exsecratum
2010 892 2122 954 po·

82 959 247 1045 pulo
283 958 597 1038 Roman0,
642 978 777 1021 non
822 955 1296 1038 detestabilem,
1340 977 1472 1020 non
1519 956 1730 1021 omnis
1779 958 1904 1022 tibi
1949 958 2121 1041 deos,

84 1068 225 1113 non
270 1046 477 1111 omnis
521 1044 819 1109 homines
866 1048 935 1107 et
980 1064 1121 1108 esse
1167 1043 1469 1108 inimicos
1505 1049 1575 1109 et
1611 1044 1869 1110 futuros
1907 1046 2121 1110 scias?

90 1137 188 1200 At
232 1156 426 1219 quam
468 1133 830 1197 insolenter
874 1132 1103 1196 statim
1145 1132 1366 1195 helluo
1413 1132 1657 1197 invasit
1698 1134 1770 1197 in
1815 1132 1953 1200 eius
1997 1134 2120 1218 viri

85 1224 404 1305 fortunaS,
450 1221 633 1285 cuius
678 1221 924 1285 virtute
970 1219 1331 1284 terribilior
1375 1224 1518 1284 erat
1562 1221 1842 1304 populus
1881 1219 2119 1286 Roma-

82 1332 211 1377 nus
267 1310 504 1374 exteris
562 1309 898 1393 gentibus,
952 1308 1210 1373 iustitia
1266 1308 1503 1372 carior!
1593 1308 1674 1373 In
1729 1309 1867 1374 eius
1913 1309 2122 1394 igitur
2141 1311 2224 1375 27
2353 1342 2357 1347 ·

84 1399 214 1463 viri
278 1398 497 1481 copias
564 1419 711 1461 cum
770 1416 839 1462 se
897 1396 1119 1461 subito
1175 1397 1678 1481 ingurgitasset,
1744 1397 2121 1461 exsultabat

86 1486 327 1571 gaudio
380 1505 660 1569 persona
714 1484 791 1549 de
837 1485 1039 1549 mimo
1085 1484 1279 1549 modo
1329 1506 1555 1569 egenS,
1610 1489 1876 1568 repente
1923 1485 2119 1549 dives.

90 1575 245 1657 Sed,
290 1577 366 1638 ut
413 1577 515 1637 est
561 1572 731 1656 apud
776 1577 1043 1656 poetam
1084 1572 1307 1636 nescio
1358 1594 1576 1656 quem,
1623 1572 1846 1637 ‘Male
1890 1577 2120 1657 parta

81 1662 283 1727 male
347 1659 843 1725 dilabuntur?
951 1658 1341 1725 Incredibile
1407 1682 1484 1725 ac
1548 1660 1760 1725 simile
1823 1662 2118 1744 portenti
2139 1674 2208 1723 66

81 1754 217 1833 est,
274 1770 559 1834 quonam
613 1748 805 1813 modo
859 1748 976 1812 illa
1031 1752 1171 1812 tam
1194 1748 1428 1813 -multa
1474 1770 1670 1833 quam
1715 1750 1940 1832 paucis
1985 1770 2119 1813 non

78 1840 229 1903 dico
296 1838 630 1901 mensibus
640 1887 658 1921 ,
722 1836 836 1900 sed
898 1836 1127 1900 diebus
1188 1835 1503 1900 effuderit.
1603 1836 1926 1901 Maximus
1981 1837 2119 1901 vini

75 1949 393 1993 numerus
466 1925 622 2010 fuit,
703 1945 1134 2010 permagnum
1206 1924 1441 2009 optimi
1513 1924 1766 2009 pondus
1844 1925 2118 2010 argenti,

72 2016 377 2101 pretiosa
429 2014 631 2078 vestis
642 2065 659 2098 ,
715 2013 925 2077 multa
980 2016 1046 2078 et
1093 2014 1275 2078 lauta
1321 2014 1612 2096 supellex
1657 2017 1728 2076 et
1769 2013 2118 2098 magnifica

71 2104 311 2169 multis
367 2103 529 2167 locis
583 2123 719 2166 non
772 2102 889 2165 illa
943 2101 1205 2185 quidem
1258 2101 1578 2165 luxuriosi
1630 2101 1942 2185 hominis,
2005 2102 2119 2166 sed

72 2199 307 2255 tamen
362 2189 775 2254 abundantis.
863 2187 1119 2253 Horum
1172 2189 1398 2274 paucis
1454 2187 1681 2253 diebus
1735 2189 1903 2253 nihil
1959 2193 2116 2254 erat.

72 2278 263 2354 Quae
315 2277 680 2361 Charybdis
735 2282 875 2341 tam
930 2279 1174 2346 vorax?
1266 2275 1667 2361 Charybdim
1722 2277 1894 2361 dieo,
1951 2299 2114 2360 quae
2136 2292 2204 2341 67
2323 2347 2328 2352 ,

72 2368 139 2433 si
186 2366 335 2450 fuit,
382 2366 625 2430 animal
670 2387 872 2429 unum
917 2365 1072 2450 fuit3
1128 2365 1423 2430 Oceanus
1470 2365 1722 2430 medius
1767 2365 1962 2429 fidius
2007 2367 2118 2430 vix

72 2454 345 2519 videtur
409 2457 513 2517 tot
572 2475 675 2517 res
741 2457 881 2517 tam
945 2454 1322 2537 dissipabas,
1387 2457 1527 2517 tam
1591 2453 1992 2518 distantibus
2018 2526 2024 2534 ,
2046 2454 2118 2518 in

68 2541 245 2608 locis
294 2542 546 2626 positas
594 2545 732 2606 tam
768 2543 910 2607 cito
959 2542 1308 2606 absorbere
1355 2541 1666 2624 potuisse.
1749 2540 1936 2605 Nihil
1975 2545 2116 2606 erat

68 2631 399 2713 clausum,
436 2629 602 2694 nihil
641 2630 1082 2715 obsignatum,
1116 2629 1282 2692 nihil
1320 2630 1655 2712 seriptum.
1735 2628 2115 2712 Apothecae

65 2723 264 2783 totae
302 2718 722 2802 nequissimis
760 2717 1137 2782 hominibus
1176 2717 1737 2801 condonabantur3
1775 2717 1904 2780 alia
1931 2716 2116 2781 mimi

65 2807 449 2890 rapiebant,
496 2807 626 2870 alia
660 2806 927 2890 mimae3
972 2805 1203 2869 domus
1242 2808 1386 2868 erat
1421 2805 1818 2870 aleatoribus
1857 2804 2116 2887 referta,
2148 2817 2184 2878 ’,
2257 2807 2264 2814 ’

63 2894 279 2980 plena
333 2895 691 2978 ebriorum3
745 2897 925 2957 totos
977 2892 1113 2956 dies
1160 2893 1544 2976 potabatur,
1597 2897 1794 2978 atque
1839 2893 1906 2956 id
1952 2892 2114 2956 locis

62 2981 410 3068 pluribus;
448 2981 971 3067 suggerebantur
1006 2981 1207 3044 etiam
1244 3001 1438 3064 saepe
1469 2979 1630 3066 (non
1657 2981 1830 3044 enim
1861 3000 2117 3063 semper

62 3073 206 3135 iste
264 3067 449 3154 felix)
508 3071 743 3134 damna
798 3069 1140 3152 aleatoria3
1196 3069 1626 3152 conchyliatis
1683 3067 1796 3134 On.
1843 3064 2116 3151 Pompei

62 3158 569 3244 peristromatis
618 3179 953 3240 servorum
990 3157 1061 3221 in
1098 3156 1277 3221 cellis
1318 3158 1524 3221 lectos
1561 3160 1808 3221 stratos
1846 3156 2117 3220 videres.

62 3247 299 3323 Quam
345 3245 431 3329 ob
478 3268 617 3310 rem
665 3245 943 3320 desinite
990 3245 1215 3308 mirari
1259 3245 1423 3308 haec
1460 3248 1599 3309 tam
1637 3244 1938 3309 celeriter
1973 3265 2116 3309 esse

62 3337 492 3417 consumpta.
591 3331 747 3398 Non
800 3334 991 3399 modo
1046 3333 1240 3397 unius
1295 3332 1764 3416 patrimonium
1820 3333 2115 3416 quamvis

62 3422 406 3506 amplum,
460 3425 537 3485 ut
589 3420 753 3485 illud
808 3421 961 3506 fuit,
1018 3422 1131 3486 sed
1184 3422 1381 3485 urbes
1438 3424 1506 3484 et
1560 3441 1763 3505 regna
1819 3421 2118 3486 celeriter

62 3514 271 3578 tanta
345 3509 640 3594 nequitia
708 3510 1015 3592 devorare
1079 3509 1425 3594 potuisset.
1533 3507 1627 3572 At
1690 3509 1864 3573 idem
1928 3511 2118 3574 aedes
