2550 3875
841 143 996 201 CAP.
1035 151 1244 206 111-,27
1282 151 1315 212 5
1352 150 1580 201 60—-65,
2090 144 2216 214 187

196 305 648 390 triumphavit,
696 305 870 390 quod
911 306 1102 370 alteri
1137 306 1326 371 illum
1360 306 1676 372 honorem
1712 306 1981 392 collega,
2025 304 2219 370 alteri

202 415 380 459 mors
406 393 785 478 praeripuit.
835 392 1050 459 Inrisa
1078 398 1179 460 est
1207 395 1325 459 abs
1353 398 1423 460 te
1447 394 1644 478 paulo
1674 398 1824 460 ante
1850 393 1940 458 M.
1958 392 2218 458 Pisonis

203 481 526 566 cupiditas
554 481 1022 567 triumphandi,
1057 504 1098 548 a
1124 504 1254 569 qua
1281 486 1349 546 te
1376 483 1570 568 longe
1599 482 1823 546 dixisti
1851 481 2218 547 abhorrere.

207 569 334 646 Qui
386 569 644 634 etiamsi
694 569 908 634 minus
955 590 1267 656 magnum
1310 570 1558 635 bellum
1601 573 1923 656 gesserat,
1976 573 2053 634 ut
2097 569 2217 633 abs

134 671 178 716 ,ι
203 661 270 722 te
325 656 572 722 dictum
621 660 751 740 est,
805 661 1027 722 tamen
1069 658 1272 723 istum
1317 659 1633 725 honorem
1678 656 2221 723 contemnendum

200 766 333 810 non
367 745 642 829 putavit.
701 744 801 809 'Pu
838 745 1152 810 eruditior
1181 768 1379 831 quam
1405 745 1578 831 Piso,
1612 745 1994 830 prudentior
2022 765 2219 828 quam

199 831 426 917 Cotta,
479 832 916 898 abundantior
963 833 1264 918 consili0,
1317 833 1610 919 ingenio,
1656 833 1977 918 sapientia
2021 853 2218 916 quam

202 919 476 986 Crassus
514 941 593 986 ea
618 919 1000 1005 contemnis,
1040 942 1205 1005 quae
1231 921 1334 986 illi
1363 919 1668 1005 ‘idiotae',
1702 926 1782 986 ut
1806 925 1882 986 tu
1910 921 2217 1004 appellas,

202 1009 536 1092 praeclara
580 1008 920 1073 duxerunt.
1008 1007 1255 1085 Quodsi
1301 1008 1735 1094 reprehendis,
1781 1008 1954 1093 quod
2000 1007 2217 1092 cupidi
2237 1019 2303 1068 63

124 1115 177 1155 ιο
203 1117 477 1162 coronae
514 1096 774 1161 laureae
809 1095 1072 1182 fuerint,
1109 1119 1257 1162 cum
1294 1097 1469 1161 bella
1503 1100 1619 1162 aut
1651 1118 1854 1181 parva
1890 1100 2006 1161 aut
2037 1095 2221 1160 nulla

202 1184 576 1270 gessissent,
621 1187 698 1248 tu
741 1184 946 1249 tantis
991 1185 1369 1250 nationibus
1418 1183 1725 1269 subactis,
1770 1184 1975 1249 tantis
2022 1185 2217 1248 rebus

201 1273 409 1358 gestis
448 1271 715 1336 minime
751 1272 1037 1338 fructum
1072 1271 1372 1338 laborum
1410 1277 1693 1358 tuorum,
1727 1271 2019 1356 praemia
2053 1271 2219 1356 peri-

203 1360 516 1444 culorum,
551 1359 818 1425 virtutis
854 1359 1141 1446 insignia
1175 1364 1587 1426 contemnere
1624 1360 1925 1424 debuisti
1987 1358 2219 1444 Neque

200 1469 354 1513 vero
410 1447 892 1532 contempsisti,
946 1448 1036 1513 sis
1081 1447 1238 1513 licet
1283 1445 1621 1512 Themista
1665 1448 2051 1533 sapientior,
2106 1447 2220 1512 sed

119 1553 174 1596 15
203 1557 278 1600 os
334 1539 521 1599 tuum
574 1534 857 1600 ferreum
906 1540 1169 1601 senatus
1216 1536 1509 1601 convicio
1554 1536 1885 1602 verberari
1926 1498 2221 1601 noluisti.

337 1621 481 1686 Iam
533 1622 713 1687 vides
768 1622 1104 1708 (quoniam
1159 1625 1421 1708 quidem
1466 1625 1563 1689 ita
1607 1628 1868 1710 egomet
1912 1623 2078 1688 mihi
2121 1623 2219 1688 fui

203 1710 532 1794 inimicus,
600 1713 677 1774 ut
739 1732 841 1775 me
906 1715 1122 1776 tecum
1187 1712 1659 1796 compararem)
1724 1716 1793 1776 et
1854 1710 2219 1798 digressum

204 1820 422 1862 meum
475 1801 543 1862 et
596 1798 961 1864 absentiam
1017 1803 1084 1863 et
1136 1799 1419 1865 reditum
1471 1800 1567 1864 ita
1620 1800 1813 1886 longe
1867 1803 1983 1865 tuo
2038 1821 2221 1883 prae-

205 1886 472 1971 stitisse,
516 1889 592 1951 ut
637 1886 800 1953 mihi
839 1887 956 1952 illa
993 1888 1210 1953 omnia
1244 1888 1686 1954 immortalem
1721 1887 2000 1975 gloriam
2038 1889 2219 1954 dede-

119 1998 176 2039 2⁰
201 1975 354 2060 rint,
400 1975 524 2040 tibi
571 1976 1034 2060 sempiternam
1078 1977 1553 2061 turpitudinem
1596 1976 1969 2041 inflixerint.
2039 1975 2218 2041 Num
2237 1986 2307 2038 64

201 2063 403 2128 etiam
445 2063 517 2128 in
559 2063 686 2129 hac
729 2065 1059 2130 cotidiana
1103 2065 1374 2129 adsidua
1414 2066 1790 2149 urbanaque
1836 2065 1975 2129 vita
2010 2064 2220 2147 splen-

201 2152 428 2216 dorem
447 2155 655 2236 tuum,
682 2153 986 2238 gratiam,
1014 2153 1463 2218 celebritatem
1481 2152 1926 2237 domesticam,
1954 2173 2226 2236 operam

197 2239 554 2324 forensem,
609 2240 982 2325 consilium,
1036 2240 1377 2325 auxilium,
1432 2241 1921 2324 auctoritatem,
1966 2244 2221 2305 senten-

201 2327 367 2392 tiam
411 2328 809 2392 senatoriam
852 2328 1045 2393 nobis
1092 2332 1224 2413 aut,
1268 2332 1346 2393 ut
1385 2330 1600 2394 verius
1638 2329 1868 2413 dicam,
1914 2328 2219 2413 cuiquam

117 2437 174 2483 25
201 2436 272 2480 es
309 2415 534 2480 infimo
573 2438 648 2481 ac
678 2416 1197 2501 despicatissimo
1227 2417 1679 2482 antelaturus?
1752 2416 1916 2503 Age,
1954 2420 2217 2481 senatus
2238 2408 2320 2471 27

202 2502 344 2567 odit
387 2507 455 2568 te
501 2500 710 2590 (quod
744 2526 893 2569 eum
928 2507 1005 2569 tu
1039 2504 1307 2569 facere
1288 2527 1428 2569 1ure
1465 2502 1791 2590 concedis)
1832 2505 2219 2570 afflictorem

201 2612 279 2655 ac
313 2591 713 2675 perditorem
747 2614 882 2658 non
916 2593 1110 2658 modo
1136 2593 1492 2695 dignitatis
1531 2596 1599 2659 et
1635 2593 2069 2677 auctoritatiS,
2107 2592 2221 2657 sed

201 2679 470 2745 omnino
508 2680 754 2745 ordinis
793 2702 870 2745 ac
904 2680 1188 2746 nominis
1226 2681 1357 2767 sui3
1392 2682 1608 2747 videre
1646 2681 1899 2764 equites
1937 2678 2221 2745 Romani

198 2788 334 2831 non
384 2771 687 2851 possunt,
742 2790 873 2852 quo
928 2790 1007 2833 ex
1062 2768 1286 2833 ordine
1338 2732 1440 2834 1111·
1492 2768 2097 2853 praestantissimus
2152 2771 2223 2831 et

116 2879 173 2919 ao
201 2855 680 2939 ornatissimus,
714 2854 787 2919 L.
813 2855 1060 2940 AeliuS,
1098 2860 1202 2921 est
1237 2860 1308 2922 te
1344 2857 1609 2921 consule
1637 2857 1997 2942 relegatus3
2031 2855 2218 2939 plebs

198 2942 500 3007 Romana
559 2943 888 3027 perditum
953 2944 1160 3029 cupit,
1222 2944 1295 3009 in
1356 2944 1540 3010 cuius
1605 2948 1681 3009 tu
1734 2943 2073 3009 infamiam
2125 2964 2220 3026 ea,

198 3052 366 3112 quae
410 3052 528 3114 per
571 3031 861 3097 latrones
907 3036 976 3097 et
1018 3054 1136 3116 per
1179 3054 1401 3098 servos
1448 3033 1526 3097 de
1563 3054 1667 3097 me
1706 3052 1952 3117 egeraS,
1998 3033 2220 3095 contu·

196 3117 367 3204 listi3
412 3117 610 3183 Italia
650 3124 885 3185 cuncta
920 3124 1313 3205 exsecratur,
1358 3120 1541 3186 cuius
1576 3120 1749 3185 idem
1785 3123 1861 3184 tu
1898 3117 2221 3201 superbis-

199 3206 362 3270 sime
400 3206 662 3271 decreta
696 3212 764 3271 et
797 3229 1020 3309 preces
1059 3208 1435 3293 repudiasti.
1498 3208 1633 3273 Fac
1663 3207 1858 3275 huius
1888 3206 2019 3271 odii
2048 3205 2221 3271 tanti
2240 3218 2308 3265 65

114 3316 170 3358 ³5
198 3316 278 3359 ac
339 3298 479 3359 tam
532 3295 820 3359 universi
848 3295 1260 3396 opericulum,
1326 3297 1383 3361 si
1436 3296 1655 3361 audes.
1752 3294 2015 3360 Instant
2067 3298 2222 3378 post

195 3382 540 3447 hominum
593 3382 978 3448 memoriam
1031 3384 1520 3469 apparatissimi
1565 3382 2222 3469 magnificentissimi-

197 3490 324 3554 que
370 3470 525 3555 ludi,
574 3470 797 3553 quales
842 3493 977 3536 non
1021 3472 1216 3539 modo
1259 3493 1616 3557 numquam
1661 3470 1945 3546 fuerunt,
1990 3470 2104 3537 sed
2137 3490 2221 3534 ne
