2550 3875
814 193 969 249 CAP.
1012 200 1218 249 19—21
1259 200 1292 261 s
1329 199 1557 250 44-48.
2113 197 2196 259 21

172 355 279 421 An
340 353 507 421 mihi
568 355 725 441 ipsi,
786 360 865 421 ut
929 356 1196 441 quidam
1248 360 1515 441 putant,
1576 356 1707 421 fuit
1761 379 1938 422 mors
1994 379 2201 441 aequo

174 446 391 510 animo
450 445 861 529 oppetenda?
946 444 1117 521 Quid
1172 445 1362 509 tum?
1413 449 1775 510 mortemne
1819 446 2200 530 fugiebam?

171 532 279 597 An
315 537 459 598 erat
485 554 591 597 res
618 533 773 617 ulla,
812 554 1009 617 quam
1038 533 1201 597 mihi
1230 533 1443 618 magis
1474 534 1826 616 optandam
1853 534 2201 618 putarem?

174 625 287 685 aut
340 641 463 706 ego
518 620 669 685 illas
716 642 821 686 res
869 624 1089 685 tantas
1137 622 1208 685 in
1252 625 1442 686 tanta
1483 620 1936 705 improborum
1982 622 2200 686 multi-

118 724 145 763 5
171 708 394 773 tudine
440 731 590 773 cum
636 710 961 794 gerebam,
1004 731 1138 774 non
1184 710 1351 773 mihi
1395 730 1592 793 mors,
1635 731 1770 775 non
1811 710 2078 775 exilium
2115 710 2198 774 ob

171 798 395 862 oculos
442 797 873 862 versabatur?
916 819 1053 862 non
1095 797 1256 862 haec
1304 797 1578 881 denique
1625 820 1666 861 a
1710 820 1813 862 me
1854 802 2000 862 tum
2036 802 2200 863 tam-

171 908 368 969 quam
422 885 563 949 fata
616 886 687 950 in
735 886 881 969 ipsa
924 908 994 949 re
1041 886 1326 970 gerenda
1373 886 1821 951 canebantur?
1902 886 2010 951 An
2056 891 2198 950 erat

169 973 333 1037 mihi
378 973 450 1037 in
496 976 684 1038 tanto
731 973 913 1038 luctu
960 995 1272 1057 meorum,
1319 977 1508 1038 tanta
1546 974 1964 1058 diiunctione,
2010 978 2197 1038 tanta

171 1061 548 1145 acerbitate,
586 1064 775 1125 tanta
813 1061 1205 1145 spoliatione
1245 1062 1538 1126 omnium
1569 1084 1803 1145 rerum,
1842 1083 2004 1145 quas
2033 1062 2197 1126 mihi

92 1166 143 1205 10
169 1154 283 1215 aut
328 1153 568 1214 natura
614 1153 730 1214 aut
780 1149 1047 1215 fortuna
1092 1150 1386 1233 dederat,
1437 1150 1576 1214 vita
1619 1149 2001 1214 retinenda?
2057 1154 2197 1213 tam

166 1260 347 1303 eram
411 1237 618 1321 rudiS,
692 1241 832 1302 tam
894 1238 1165 1322 ignarus
1229 1260 1476 1322 rerum,
1551 1242 1688 1301 tam
1754 1259 1984 1321 expers
2049 1259 2196 1301 con-

164 1327 298 1391 silii
346 1329 462 1390 aut
508 1325 801 1410 ingenii?
850 1325 1019 1389 nihil
1067 1326 1418 1409 audieram,
1462 1326 1631 1390 nihil
1675 1326 1983 1409 videram,
2026 1325 2194 1389 nihil

161 1416 303 1500 ipse
378 1413 655 1499 legendo
725 1414 1221 1497 quaerendoque
1287 1434 1750 1499 cognoveram,
1821 1414 2193 1478 nesciebam

162 1504 341 1568 vitae
386 1503 654 1566 brevem
701 1524 843 1567 esse
886 1524 1166 1585 cursum,
1212 1503 1461 1587 gloriae
1501 1502 1998 1587 sempiternum3
2045 1523 2191 1566 cum

82 1604 135 1645 1⁵
161 1595 341 1657 esset
389 1590 691 1655 omnibus
738 1590 1007 1654 definita
1052 1612 1229 1655 mors
1240 1641 1259 1673 ,
1305 1591 1664 1673 optandum
1710 1612 1872 1672 esse,
1917 1594 1993 1654 ut
2038 1590 2192 1675 vita,

158 1701 332 1764 quae
368 1678 751 1743 necessitati
789 1678 1151 1761 deberetur,
1187 1678 1442 1761 patriae
1474 1678 1696 1762 potius
1726 1679 1968 1743 donata
1996 1699 2193 1761 quam

156 1771 501 1832 reservata
550 1770 825 1830 naturae
879 1766 1251 1831 videretur?
1307 1767 1679 1831 nesciebam
1722 1766 1897 1831 inter
1943 1766 2193 1850 sapien-

156 1855 461 1921 tissimos
524 1854 823 1919 homines
886 1855 1055 1919 hanc
1112 1854 1598 1919 contentionem
1651 1854 1882 1939 fuisse,
1944 1858 2022 1917 ut
2077 1853 2192 1918 alii

156 1946 457 2010 dicerent
504 1943 758 2008 animos
804 1943 1145 2008 hominum
1192 1965 1550 2026 sensusque
1596 1947 1808 2008 morte
1849 1942 2192 2027 restingui,

76 2049 129 2088 2⁰
156 2033 277 2098 alii
320 2037 544 2096 autem
581 2035 725 2095 tum
762 2031 1043 2096 maxime
1082 2035 1334 2096 mentes
1375 2031 1769 2114 sapientium
1807 2053 1882 2095 ac
1917 2031 2190 2096 fortium

151 2123 475 2204 virorum,
504 2141 652 2184 cum
682 2141 761 2184 ex
790 2140 1059 2202 corpore
1089 2120 1538 2203 excessissent,
1567 2119 1810 2184 sentire
1831 2141 1906 2184 ac
1924 2117 2190 2203 vigere?

152 2230 445 2294 quorum
510 2208 790 2272 alterum
846 2207 1230 2292 fugiendum
1283 2229 1418 2272 non
1471 2229 1640 2292 esse,
1705 2229 1922 2272 carere
1977 2227 2189 2289 sensu,

151 2299 447 2362 alterum
485 2295 686 2359 etiam
713 2297 1091 2378 optandum,
1127 2295 1395 2360 meliore
1425 2316 1566 2360 esse
1596 2317 1808 2360 sensu.
1873 2293 2188 2376 Denique,
2207 2306 2277 2356 48

152 2405 317 2451 cum·
352 2384 575 2448 omnia
610 2405 868 2467 semper
904 2383 985 2447 ad
1022 2383 1415 2468 dignitatem
1452 2383 1857 2448 rettulissem
1892 2404 2011 2447 nec
2049 2382 2187 2446 sine

69 2490 122 2530 2⁵
150 2496 236 2539 ea
276 2472 629 2556 quicquam
662 2472 1094 2554 expetendum
1124 2493 1263 2536 esse
1292 2471 1546 2537 homini
1571 2471 1642 2536 in
1668 2471 1808 2536 vita
1833 2475 2189 2555 putassem,

148 2565 473 2644 mortem,
530 2581 728 2643 quam
775 2560 975 2623 etiam
1020 2559 1308 2644 virgines
1354 2559 1636 2624 Athenis
1681 2559 1882 2645 regiS,
1938 2559 2188 2642 opinor,

145 2648 519 2715 Erechthei
559 2648 733 2712 filiae
769 2670 889 2731 pro
926 2648 1145 2731 patria
1183 2649 1656 2730 contempsisse
1695 2647 2016 2729 dicuntur,
2062 2666 2272 2734 egoff

145 2739 260 2803 vir
298 2735 663 2802 consularis
701 2735 907 2799 tantis
944 2736 1139 2800 rebus
1179 2737 1386 2821 gestis
1417 2734 2187 2823 timerem?}praesertim

148 2848 311 2892 cum
359 2825 499 2889 eius
545 2845 757 2889 essem
804 2823 1120 2908 civitatis,
1175 2847 1253 2889 ex
1301 2846 1430 2907 qua
1475 2823 1544 2889 O.
1589 2823 1845 2889 Mucius
1893 2824 2071 2888 solus
2117 2822 2188 2886 in

58 2929 115 2969 ³⁰
146 2918 381 2979 castra
434 2911 807 2978 Porsennae
860 2913 1149 2976 venisset
1204 2933 1479 2995 eumque
1535 2913 1901 2977 interficere
1953 2931 2186 2996 propo-

144 3003 291 3067 sita
344 3001 474 3066 sibi
520 3004 732 3065 morte
778 3004 1051 3064 conatus
1100 3004 1301 3083 esset3
1325 3001 1434 3088 {ex
1481 3022 1610 3083 qua
1653 2999 1727 3065 P.
1771 3000 2012 3065 Decius
2057 2999 2254 3084 pri-³*

141 3111 343 3155 mum
395 3092 611 3173 pater,
665 3093 821 3172 post
877 3087 1131 3171 aliquot
1186 3094 1391 3152 annos
1445 3089 1662 3172 patria
1714 3089 1958 3154 virtute
2004 3108 2185 3172 prae-

141 3179 335 3243 ditus
372 3177 551 3240 filius
590 3198 659 3240 ue
696 3197 773 3242 ac
809 3176 1018 3240 vitam
1056 3197 1240 3240 suam
1276 3177 1602 3241 instructa
1639 3177 1775 3241 acie
1813 3199 1934 3260 pro
1974 3176 2184 3240 salute

140 3265 388 3351 populi
438 3263 741 3329 Romani,
774 3264 1179 3348 victoriaque
1235 3264 1631 3348 devovisset3
1686 3287 1766 3329 ex
1803 3287 1950 3348 qua
2003 3265 2185 3329 innu-

53 3375 109 3415 ³5
140 3353 509 3420 merabiles
566 3352 679 3416 alii
728 3351 973 3436 partim
1000 3352 1468 3436 ‘adipiscendae
1515 3353 1753 3435 laudis,
1806 3352 2051 3435 partim
2095 3351 2187 3416 vi-

138 3443 397 3508 tandae
472 3441 902 3525 turpitudinis
977 3461 1175 3504 causa
1246 3444 1528 3504 mortem
1596 3441 1667 3504 in
1729 3440 1926 3503 variis
1991 3439 2182 3503 bellis

136 3529 574 3616 aequissimis
631 3528 865 3593 animis
922 3528 1356 3613 oppetissent3
1413 3529 1484 3592 in
1539 3549 1667 3612 qua
1721 3528 1986 3592 civitate
2039 3527 2182 3611 ipse
