2550 3875
869 823 968 898 M.
1026 821 1317 896 TULLI
1371 821 1869 896 CICERONIS

413 1009 624 1094 PRO
693 1006 781 1093 O.
846 1004 1290 1089 RABIRIO
1354 1003 1837 1091 POSTUMO
1904 1003 2319 1088 ORATIO.

1263 1191 1478 1200 ———

1077 1315 1671 1377 ARGUMENTUM.

497 1453 563 1510 A.
615 1450 917 1518 Gabinius,
974 1449 1025 1504 is
1073 1449 1172 1518 qui
1219 1465 1349 1502 cum
1394 1448 1456 1504 L.
1494 1447 1697 1503 Pisone
1746 1466 1797 1503 a.
1842 1465 1899 1505 u.
1946 1466 1991 1504 o.
2042 1454 2146 1504 696
2195 1449 2399 1504 consul

353 1526 568 1594 fuerat,
630 1524 764 1593 post
827 1522 1182 1575 consulatum
1237 1517 1456 1587 Syriam
1516 1518 1867 1588 provinciam
1922 1521 2235 1589 acceperat.
2324 1520 2397 1574 In

355 1612 529 1664 quam
574 1611 703 1648 cum
749 1592 984 1647 obrutus
1033 1606 1162 1645 aere
1209 1590 1395 1644 alieno
1443 1589 1727 1658 profectus
1765 1592 1943 1657 esset,
1988 1593 2055 1644 ut
2087 1590 2395 1659 pecuniam

355 1665 470 1722 sibi
521 1665 774 1734 pareret,
830 1679 959 1716 cum
1002 1661 1186 1715 multa
1231 1659 1350 1714 alia
1391 1659 1600 1714 iniuria
1642 1660 1844 1716 fecisse
1890 1660 2213 1730 dicebatur,
2267 1664 2397 1716 tum

355 1736 552 1792 decem
594 1733 760 1788 milia
803 1732 1085 1787 talentum
1122 1748 1157 1786 a
1191 1731 1547 1798 Ptolomaeo,
1584 1748 1717 1802 rege
1754 1731 2028 1801 Aegypti,
2078 1732 2178 1802 qui
2212 1748 2394 1803 regno

356 1823 458 1861 suo
513 1807 710 1875 pulsus
769 1806 918 1871 erat,
976 1801 1261 1871 accepisse
1316 1803 1684 1871 arguebatur,
1739 1805 1807 1856 ut
1860 1819 1988 1858 eum
2040 1801 2099 1856 in
2153 1820 2397 1873 regnum

355 1875 676 1947 legionibus
723 1874 840 1929 suis
883 1873 1195 1928 reduceret.
1278 1871 1461 1938 Quam
1507 1874 1579 1928 ob
1625 1889 1771 1941 rem,
1819 1889 1947 1927 cum
1990 1872 2231 1928 redisset
2279 1873 2393 1927 Ro-

354 1966 534 2016 mam,
574 1950 648 2002 ab
681 1945 924 2001 inimicis
961 1945 1104 2011 suis,
1143 1960 1283 2013 quos
1321 1946 1531 1998 multos
1568 1944 1783 1999 Romae
1818 1944 2144 2013 reliquerat,
2180 1944 2297 1999 tria
2331 1946 2396 1999 in

355 2036 485 2074 eum
529 2017 742 2073 iudicia
786 2018 992 2087 parata
1036 2016 1214 2070 erant.
1288 2012 1370 2068 Ac
1414 2017 1658 2084 primum
1703 2015 1931 2083 quidem
1976 2032 2012 2069 a
2046 2016 2105 2070 L.
2146 2017 2393 2071 Lentulo

356 2089 676 2143 maiestatis
721 2088 955 2142 crimine
1001 2086 1299 2140 accusatus
1347 2088 1461 2153 est,
1518 2086 1671 2155 quod
1716 2089 1911 2141 contra
1953 2088 2136 2155 leges,
2192 2089 2397 2143 contra

357 2162 587 2215 senatus
635 2157 979 2223 consultum,
1029 2158 1228 2212 contra
1265 2155 1495 2211 oracula
1531 2155 1810 2226 Sibyllina
1844 2156 2195 2227 provinciam
2232 2174 2395 2213 suam

357 2229 707 2297 reliquisset,
764 2230 830 2282 ut
871 2226 1260 2281 Ptolomaeum
1314 2228 1374 2280 in
1425 2243 1663 2297 regnum
1717 2228 2057 2283 restitueret.
2140 2228 2264 2282 Hoc
2310 2229 2393 2282 iu-

359 2299 510 2355 dicio
548 2298 645 2353 Cn.
682 2297 917 2367 Pompei
953 2298 1144 2367 gratia
1179 2300 1239 2351 et
1271 2298 1517 2367 pecunia
1552 2315 1670 2365 sua,
1709 2315 1823 2366 qua
1858 2297 2130 2353 iudicium
2166 2314 2393 2369 corrup-

359 2373 486 2425 tum
519 2386 644 2424 esse
682 2369 1003 2435 dicebatur,
1052 2369 1343 2423 absolutus
1380 2370 1484 2422 est.
1559 2370 1705 2423 Tum
1745 2368 1803 2425 C.
1840 2368 2137 2423 Memmius
2174 2373 2241 2426 A.
2282 2370 2393 2423 Ga-

359 2439 583 2495 binium
628 2438 700 2494 de
733 2438 990 2521 pecuniis
1027 2438 1357 2509 repetundis
1395 2440 1687 2494 accusavit
1722 2439 2262 2511 condemnavitque,
2308 2442 2396 2495 ita

363 2512 429 2565 ut
463 2508 698 2565 tertium
734 2508 1010 2563 iudicium
1045 2509 1116 2564 de
1155 2509 1391 2577 ambitu,
1430 2509 1581 2577 quod
1620 2509 1779 2565 Sulla
1813 2512 1874 2565 in
1909 2526 2038 2565 eum
2073 2514 2394 2581 paraverat,

361 2582 629 2650 quoniam
665 2579 766 2635 ille
803 2582 1208 2635 condemnatus
1245 2580 1309 2633 in
1344 2579 1578 2634 exilium
1613 2581 1900 2651 profectus
1938 2583 2087 2649 erat,
2123 2599 2239 2636 non
2277 2582 2396 2637 iam

359 2654 555 2722 posset
591 2650 876 2707 constitui.
949 2651 1079 2705 Una
1106 2668 1233 2705 cum
1260 2653 1325 2704 A.
1356 2650 1595 2706 Gabinio
1632 2651 1692 2705 in
1718 2652 2046 2707 reductione
2074 2652 2397 2709 Ptolomaei

358 2724 510 2793 regis
547 2724 805 2777 versatus
841 2725 964 2777 erat
1000 2721 1059 2777 G.
1096 2721 1363 2776 Rabirius
1400 2722 1727 2791 Postumus,
1774 2721 1831 2777 C.
1873 2721 2029 2777 Curti
2064 2723 2242 2791 filius,
2292 2724 2396 2793 qui

360 2794 433 2849 ab
493 2793 769 2847 avunculo
828 2791 886 2848 C.
944 2792 1202 2859 Rabirio,
1269 2808 1337 2847 eo
1392 2809 1560 2861 quem
1604 2794 1678 2847 M.
1728 2792 1920 2848 Cicero
1985 2793 2399 2863 perduellionis

362 2863 594 2919 crimine
633 2865 957 2919 accusatum
986 2862 1257 2930 defendit,
1296 2862 1597 2933 adoptatus
1636 2866 1775 2932 erat,
1816 2865 1908 2919 cui
1944 2864 2016 2919 ab
2046 2867 2113 2919 A.
2146 2863 2393 2921 Gabinio

359 2935 469 2989 hoc
522 2934 881 3005 potissimum
928 2934 1176 2987 muneris
1225 2933 1559 3001 impositum
1612 2937 1757 3003 erat,
1829 2937 1893 2989 ut
1946 2935 2215 3005 pecunias
2268 2936 2397 3005 regi

361 3005 689 3060 Ptolomaeo
735 3008 960 3059 mutuas
1008 3006 1170 3059 daret
1215 3004 1555 3073 omninoque
1591 3004 1744 3074 regis
1779 3004 1996 3060 reditus
2033 3005 2117 3060 ita
2154 3006 2398 3061 admini-

361 3077 596 3143 straret,
643 3077 710 3158 ut
754 3080 863 3156 et„
883 3074 949 3129 A.
989 3073 1232 3157 Gabinio
1267 3091 1415 3141 quae
1450 3077 1759 3157 promissae
1797 3078 1982 3144 erant,
2027 3078 2298 3146 pecunias
2338 3080 2400 3132 et

363 3162 495 3269 ἓξὲξ
536 3145 957 3272 ᾎῗῧαὲἔῗὲἰὲῗ
979 3152 1817 3287 οῗῃὲέἓὲῃξῶῗοαέἳῖῖῗὲἰῑε
1837 3147 2401 3288 ἳὲζὲᾑὲἒᾱῑῗὲἰὲἓῖ

366 3302 550 3353 neque
585 3288 840 3354 tantum,
886 3285 1085 3353 quanti
1121 3284 1241 3339 eius
1279 3287 1609 3341 aestimatae
1646 3288 1778 3343 lites
1818 3291 2003 3357 erant,
2042 3292 2400 3370 compareret

361 3355 665 3423 pecuniae,
712 3355 841 3424 lege
891 3354 1066 3423 Iulia,
1114 3372 1226 3423 qua
1269 3358 1392 3410 tum
1436 3357 1512 3423 is,
1562 3358 1637 3411 ad
1683 3375 1852 3426 quem
1888 3375 1957 3413 ea
1991 3375 2232 3429 pecunia
2267 3378 2395 3429 per-

361 3425 637 3493 venisset,
683 3425 1029 3480 accusandus
1065 3428 1216 3493 erat,
1262 3427 1334 3480 ab
1380 3427 1582 3481 eodem
1618 3428 1675 3484 C.
1713 3428 1981 3485 Memmio
2027 3430 2099 3484 de
2133 3432 2399 3500 pecuniis

361 3494 605 3549 residuis
666 3498 799 3565 (non
855 3495 926 3550 de
978 3495 1305 3565 maiestate,
1360 3497 1421 3551 id
1468 3499 1619 3566 quod
1663 3499 1809 3555 falso
1859 3516 1929 3555 ex
1972 3500 2158 3556 verbis
2200 3500 2397 3556 Tiberi
