2550 3875
346 155 477 220 298
781 151 922 205 PRO
960 149 1020 206 T.
1058 149 1294 206 ANNIO
1330 149 1609 204 MILONE
1646 147 1932 204 ORATIO.

348 317 423 393 Q.
470 314 688 398 Petili,
734 313 1010 397 appeUO,
1057 312 1380 396 optimum
1427 315 1493 376 et
1536 309 1973 375 fortissimum
2015 309 2241 392 civem,
2290 313 2387 392 te,

347 403 434 469 M.
472 402 656 488 Cato,
700 405 926 485 testor,
974 421 1136 486 quos
1183 399 1349 464 mihi
1394 399 1614 464 divina
1658 399 1975 482 quaedam
2012 418 2155 462 sors
2194 397 2385 462 dedit

346 492 608 557 iudices.
709 489 849 554 Vos
913 511 991 553 ex
1048 487 1136 552 M.
1191 487 1483 552 Favonio
1548 486 1823 551 audistis
1878 485 2179 551 Clodium
2244 485 2381 550 sibi

347 581 614 663 dixisse,
668 582 738 643 et
791 577 1065 642 audistis
1118 575 1268 640 vivo
1324 574 1583 658 Clodio,
1636 574 2002 658 periturum
2055 572 2381 638 Milonem

277 695 288 704 ·
347 668 594 752 triduo3
647 670 801 750 post
854 665 1025 730 diem
1067 664 1341 729 tertium
1386 666 1573 748 gesta
1617 683 1723 727 res
1768 666 1897 746 eut,
1957 681 2154 745 quam
2201 661 2380 725 dixe·
2442 678 2472 719 ⁶

349 759 473 821 rat.
566 753 731 820 Cum
785 753 896 818 ille
949 774 1083 817 non
1137 751 1458 817 dubitarit
1508 751 1787 834 aperire,
1842 749 1997 833 quid
2043 749 2380 834 cogitarit,

249 819 326 883 17
350 864 467 909 vos
512 841 792 927 potestis
841 841 1157 925 dubitare,
1204 840 1360 924 quid
1403 838 1678 904 fecerit?
1744 837 1952 915 Quem
1989 837 2070 901 ad
2107 838 2380 902 modum

257 907 330 957 45
349 932 556 1016 igitur
620 952 768 995 eum
831 929 966 994 dies
1029 950 1164 993 non
1225 926 1508 991 fefellit?
1596 926 1753 990 Dixi
1807 925 2112 1010 ‘equidem
2156 925 2378 990 modo,

349 1018 712 1084 Dictatoris
749 1016 1070 1082 Lanuvini
1117 1019 1293 1080 stata
1333 1014 1653 1080 sacrificia
1687 1035 1879 1078 nosse
1916 1013 2169 1098 negotii
2204 1013 2378 1077 nihil

351 1112 507 1172 crat.
598 1105 786 1171 Vidit
838 1125 1100 1170 necesse
1155 1125 1295 1168 esse
1346 1103 1579 1168 Miloni
1632 1101 1959 1187 proficisci
2004 1100 2379 1166 Lanuvium
2408 1122 2463 1161 ιο

349 1196 465 1261 illo
511 1195 676 1280 ipsc,
723 1215 850 1279 quo
897 1197 999 1258 est
1037 1191 1389 1276 profectus,
1434 1190 1537 1256 die
1573 1191 1796 1274 itaque
1834 1189 2205 1255 antevertit.
2278 1189 2380 1254 At

350 1306 479 1367 quo
527 1283 675 1347 die?
760 1280 930 1365 Quo,
982 1284 1060 1345 ut
1105 1284 1257 1345 ante
1303 1280 1463 1365 dixi,
1516 1279 1646 1344 fuit
1690 1278 2107 1343 insanissima
2151 1277 2379 1343 contio

347 1373 434 1436 ab
498 1371 706 1455 ipsius
769 1369 1213 1434 mercennario
1278 1368 1545 1433 tribuno
1609 1366 1697 1453 pl.
1762 1367 2115 1451 concitata3
2181 1388 2379 1450 quem

345 1459 522 1524 diem
577 1458 716 1542 ille,
781 1477 977 1541 quam
1031 1456 1431 1540 contionem,
1486 1477 1651 1540 quos
1708 1455 2051 1539 clamores,
2105 1453 2237 1519 nisi
2292 1455 2379 1519 ad
2422 1487 2435 1497 ·

346 1547 715 1721 ἓοέἓὸἓῗὲ
742 1544 1957 1716 {2⁰2¹{Zssaa‘ssssissfiffiaffsseffim{23⁰1}
1983 1542 2381 1696 rssssffffffss
2408 1561 2458 1602 ¹⁵

1684 1683 1701 1716 7

350 1723 545 1787 nendi
556 1772 573 1806 ,
637 1721 870 1786 Miloni
933 1721 1235 1786 manendi
1298 1721 1481 1785 nulla
1543 1719 1849 1804 facultas,
1914 1719 2188 1784 exeundi
2241 1741 2381 1785 non

352 1831 548 1875 causa
594 1810 834 1893 solum,
886 1810 999 1874 sed
1043 1809 1243 1874 etiam
1287 1808 1643 1874 necessitas
1687 1807 1834 1872 fuit.
1927 1805 2124 1892 Quid,
2172 1807 2257 1893 si,
2300 1813 2381 1872 ut

349 1899 463 1965 ille
518 1898 711 1965 scivit
763 1897 1076 1962 Milonem
1128 1897 1270 1962 fore
1326 1919 1403 1963 eo
1458 1897 1561 1962 die
1615 1896 1686 1961 in
1738 1896 1871 1981 via,
1926 1895 2020 1961 sic
2070 1894 2378 1963 Clodium

263 2001 332 2051 46
352 1987 514 2053 Milo
578 2009 659 2052 ne
721 1986 1038 2072 suspicari
1093 1986 1355 2069 quidem
1408 1984 1673 2070 potuit?
1764 1983 2059 2049 Primum
2116 2006 2379 2070 quaem,
2407 2005 2457 2043 2⁰

354 2076 466 2160 qui
511 2076 579 2140 id
624 2075 791 2140 scire
835 2074 1142 2159 potuerit,
1193 2074 1368 2158 quod
1412 2094 1529 2139 vos
1575 2074 1749 2138 idem
1792 2072 1865 2137 in
1909 2071 2139 2138 Clodio
2188 2094 2381 2156 quae-

350 2185 492 2227 rere
550 2184 684 2227 non
735 2162 1032 2247 potestis.
1122 2160 1220 2227 Ut
1274 2162 1449 2226 enim
1502 2161 1829 2226 neminem
1884 2160 2086 2226 alium
2129 2161 2261 2225 nisi
2305 2160 2379 2227 Τ.

350 2250 673 2333 Patinam,
717 2249 1302 2314 familiarissimum
1342 2271 1549 2333 suum,
1594 2253 1911 2335 rogasset,
1955 2250 2120 2313 scire
2156 2248 2379 2333 potuit

351 2338 467 2402 illo
504 2338 649 2421 ipso
686 2338 788 2403 die
825 2337 1078 2403 Lanuvi
1115 2360 1154 2401 a
1190 2337 1509 2403 dictatore
1538 2337 1783 2403 Milone
1817 2336 2008 2421 prodi
2044 2336 2381 2402 flaminem

274 2481 278 2485 .
349 2446 613 2491 necesse
671 2447 827 2491 esse.
921 2424 1048 2491 Sed
1103 2429 1292 2489 erant
1344 2426 1656 2510 permulti
1708 2424 1849 2509 alii,
1903 2446 1982 2490 ex
2028 2425 2267 2511 quibus
2311 2426 2381 2490 id
2408 2444 2458 2485 25

350 2514 660 2579 facillime
709 2514 870 2579 scire
907 2518 1134 2598 posset
1183 2515 1434 2593 [omnes
1482 2514 1734 2579 scilicet
1774 2512 2143 2595 Lanuvini}
2215 2512 2379 2579 Milo

347 2602 429 2666 de
457 2601 647 2667 Clodi
674 2603 888 2666 reditu
916 2602 1084 2666 unde
1114 2601 1480 2687 quaesivit?
1529 2600 1897 2678 Quaesierit
1935 2622 2089 2666 sane
2120 2598 2381 2688 (videte,

349 2690 506 2773 quid
541 2690 728 2754 vobis
766 2687 1058 2775 largiar),
1103 2711 1362 2754 servum
1408 2690 1625 2774 etiam,
1670 2693 1747 2754 ut
1785 2689 1858 2765 Q.
1895 2689 2149 2774 ArriuS,
2195 2711 2380 2755 meus

349 2778 624 2862 amicuS,
679 2778 871 2861 dixit,
929 2778 1308 2862 corruperit.
1400 2776 1631 2864 Legite
1682 2777 2063 2843 testimonia
2106 2778 2381 2842 testium

347 2870 732 2931 vestrorum.
839 2864 1026 2930 Dixit
1094 2864 1162 2932 C.
1228 2864 1572 2931 Causinius
1657 2864 1895 2930 Schola
1948 2863 2379 2951 Interamnas,
2404 2886 2453 2927 ao

348 2953 899 3019 familiarissimus
955 2957 1024 3018 et
1077 2953 1250 3022 idem
1308 2975 1523 3019 comes
1573 2952 1789 3038 Clodi,
1844 2952 2027 3019 cuius
2074 2953 2206 3018 iam
2252 2955 2381 3038 pri-

347 3041 495 3105 dem
531 3041 912 3107 testimonio
951 3040 1218 3106 Clodius
1258 3042 1482 3106 eadem
1515 3042 1680 3107 hora
1715 3040 2129 3107 Interamnae
2164 3041 2383 3107 fuerat

347 3133 414 3192 et
459 3128 734 3213 Romae,
789 3128 862 3195 P.
909 3128 1211 3194 Clodium
1263 3129 1381 3194 illo
1429 3130 1531 3194 die
1577 3130 1647 3194 in
1691 3129 1952 3195 Albano
1999 3152 2381 3195 mansurum

344 3216 566 3301 fuisse,
605 3217 717 3281 sed
753 3216 973 3283 subito
1003 3217 1064 3281 ei
1093 3239 1233 3283 esse
1259 3218 1636 3282 nuntiatum
1667 3216 1913 3302 Cyrum
1940 3218 2380 3284 architectum

347 3324 491 3367 esse
558 3309 921 3388 mortuum,
993 3306 1216 3389 itaque
1278 3311 1548 3390 repente
1612 3305 1891 3370 Romam
1959 3306 2379 3372 constituisse
2406 3328 2452 3368 π

360 3390 704 3473 proficisci.
775 3391 962 3455 Dixit
1005 3393 1130 3457 hoc
1177 3414 1395 3457 comes
1440 3394 1600 3457 item
1637 3393 1709 3457 P.
1747 3393 1952 3478 Clodi,
1989 3392 2059 3460 C.
2097 3393 2382 3460 Clodius.

255 3449 342 3586 ἐξ
363 3476 624 3562 Videte,
668 3478 940 3557 iudices,
991 3482 1270 3562 quantae
1317 3501 1421 3544 res
1464 3480 1571 3545 his
1617 3481 2013 3547 testimoniis
2058 3482 2192 3547 sint
2240 3504 2384 3548 con-
