2550 3875
321 108 452 174 154
665 108 811 164 PRO
846 110 911 164 L.
948 107 1316 164 CORNELIO
1353 106 1592 164 BALBO
1631 107 1920 165 ORATIO.

406 269 730 336 Hostem
776 268 909 355 qui
951 269 1215 354 feriet,
1262 269 1446 354 erit,
1489 269 1734 355 inquit,
1779 270 1880 334 mi
1926 268 2347 370 Carthagi·

328 498 345 507 ,,
410 444 782 529 Quisquis
828 445 1007 530 erit,
1053 445 1346 510 cuiatis
1393 445 1560 510 siet.
2013 377 2345 440 mensu,

452 621 501 706 †
535 619 613 686 Id
639 621 888 686 habent
922 619 1049 688 hoo
1085 622 1226 688 leve
1254 625 1323 686 et
1349 643 1606 707 semper
1629 620 2002 688 habuerunt
2024 621 2253 705 itaque
2275 623 2347 686 et

320 707 481 775 civis
518 709 802 794 undique
839 708 1033 774 fortis
1060 709 1237 774 viros
1266 709 1681 776 adsciverunt
1708 714 1778 775 et
1800 710 2141 776 hominum
2161 710 2347 794 igno-
2399 727 2430 769 ε
2543 732 2550 746 ·

213 852 256 916 2
259 851 300 916 3
318 797 555 862 bilium
571 797 886 862 virtutem
893 818 1203 882 persaepe
1212 797 1586 863 nobilitatis
1595 798 1870 864 inertiae
1879 798 2348 882 praetulerunt.

232 940 301 990 52
454 884 735 952 Habetis
808 886 1282 970 imperatorum
1349 907 1755 952 summorum
1818 889 1886 950 et
1949 884 2350 970 sapientissi-

321 994 580 1038 morum
607 972 967 1057 hominum,
994 973 1508 1040 clarissimorum
1533 974 1842 1059 virorum,
1866 973 2351 1058 interpretatio·

318 1082 472 1127 nem
506 1061 668 1126 iuris
705 1083 783 1128 ao
817 1061 1168 1126 foederum.
1241 1061 1432 1127 Dabo
1469 1063 1672 1128 etiam
1705 1062 2010 1146 iudicum,
2056 1061 2170 1146 qui
2193 1060 2350 1126 huie

324 1150 694 1233 quaestioni
736 1149 1181 1234 praefuerunt,
1234 1150 1404 1215 dabo
1449 1150 1736 1216 universi
1778 1151 2008 1235 populi
2051 1149 2351 1231 Romani,
2379 1167 2435 1210 ιο

323 1238 492 1303 dabo
545 1238 1035 1304 sanctissimum
1079 1240 1148 1302 et
1194 1238 1750 1322 sapientissimum
1793 1239 2106 1304 iudicium
2149 1237 2352 1302 etiam

322 1330 605 1392 senatus.
690 1324 946 1392 Iudices
984 1347 1133 1391 oum
1168 1347 1327 1409 prae
1363 1348 1434 1391 se
1468 1326 1719 1392 ferrent
1749 1326 2096 1410 palamque
2130 1325 2354 1408 loque-

321 1418 576 1498 rentur,
631 1414 787 1498 quid
840 1417 1059 1478 essent
1103 1415 1249 1499 lege
1294 1413 1500 1499 Papia
1543 1415 1623 1480 de
1666 1413 1756 1480 M.
1802 1413 2030 1480 Cassio
2076 1413 2354 1478 Mamer-

320 1502 481 1566 tinis
536 1502 982 1585 repetentibus
1035 1502 1411 1586 iudicaturi,
1473 1501 1850 1568 Mamertini
1902 1502 2160 1587 publice
2215 1522 2354 1567 sus-

324 1593 517 1674 cepta
577 1611 774 1655 causa
831 1589 1242 1655 destiterunt.
1341 1589 1543 1656 Multi
1594 1591 1666 1656 in
1717 1591 2054 1656 civitatem
2107 1589 2354 1673 recepti
2380 1609 2435 1650 15

324 1699 403 1741 ex
451 1677 677 1742 liberis
722 1677 1203 1762 foederatisque
1232 1679 1510 1763 ,populis
1561 1679 1878 1760 [liberati]
1927 1682 2109 1762 sunt3
2160 1699 2354 1742 nemo

322 1786 635 1849 umquam
685 1768 788 1831 est
833 1766 912 1832 de
958 1766 1225 1832 civitate
1270 1770 1640 1851 aecusatus,
1695 1767 1871 1851 quod
1915 1770 2031 1830 aut
2073 1765 2356 1850 populus

325 1852 565 1918 fundus
626 1853 843 1920 faetus
903 1876 1041 1920 non
1092 1858 1295 1940 esset,
1359 1859 1474 1919 aut
1528 1854 1702 1940 quod
1753 1854 2012 1920 foedere
2067 1853 2356 1919 civitatis

237 1952 306 2003 53
326 1942 674 2007 mutandae
718 1943 821 2007 ius
857 1942 1301 2028 impediretur.
1389 1943 1662 2009 Audebo
1697 1944 1898 2009 etiam
1933 1943 2060 2008 hoo
2096 1946 2357 2007 eonten-

327 2031 495 2114 dere,
537 2052 897 2115 numquam
933 2052 1076 2097 esse
1114 2032 1634 2117 condemnatum,
1672 2052 1867 2115 quem
1903 2034 2234 2096 constaret
2269 2030 2355 2095 ab
2384 2050 2441 2090 20

192 2118 309 2189 (53)
328 2120 723 2204 imperatore
758 2124 989 2184 nostro
1031 2119 1299 2185 civitate
1335 2120 1666 2185 donatum.
1757 2118 2150 2205 Cognoscite
2183 2140 2360 2184 nuno

325 2207 556 2292 populi
618 2206 903 2272 Romani
970 2208 1284 2274 iudicium
1346 2208 1572 2273 multis
1636 2208 1832 2273 rebus
1893 2207 2359 2291 interpositum

330 2300 527 2378 atque
580 2295 651 2359 in
704 2295 1005 2361 maximis
1062 2297 1277 2361 causis
1333 2318 1402 2361 re
1456 2296 1602 2381 ipsa
1655 2300 1853 2379 atque
1896 2317 2022 2360 usu
2068 2314 2360 2377 compro-

327 2383 575 2448 batum.
668 2382 834 2449 Cum
879 2382 1135 2449 Latinis
1188 2384 1490 2450 omnibus
1535 2383 1762 2449 foedus
1809 2405 1950 2447 esse
1995 2383 2202 2448 ictum
2249 2380 2358 2467 Sp.

196 2534 199 2539 .
328 2470 557 2537 Cassio
586 2470 903 2537 Postumo
931 2471 1234 2538 Cominio
1261 2472 1638 2537 oonsulibus
1667 2472 1814 2556 quis
1843 2471 2150 2557 ignorat?
2185 2470 2360 2555 quod
2387 2490 2444 2530 85

332 2560 593 2643 quidem
654 2580 863 2643 nuper
923 2561 995 2625 in
1056 2560 1359 2625 columna
1421 2560 1669 2625 ahenea
1730 2558 2144 2625 meminimus
2206 2560 2362 2659 post

330 2652 549 2713 rostra
582 2647 862 2713 incisum
900 2651 967 2712 et
1002 2648 1441 2733 perscriptum
1475 2648 1696 2713 fuisse.
1753 2648 1896 2725 Quo
1934 2647 2127 2711 modo
2156 2646 2363 2732 igitur

329 2734 404 2801 L.
434 2735 771 2802 Cossinius
798 2735 1054 2820 Tiburs,
1080 2740 1270 2837 pater
1295 2736 1490 2801 huius
1523 2736 1764 2820 equitis
1791 2735 2090 2819 Romani,
2127 2733 2364 2818 optimi

332 2829 529 2909 atque
569 2824 975 2893 ornatissimi
1000 2824 1143 2909 viri,
1180 2824 1491 2889 damnato
1515 2824 1588 2889 T.
1627 2822 1866 2905 Caelio,
1903 2844 2034 2907 quo
2063 2823 2256 2887 modo
2284 2844 2366 2887 ex

333 2913 559 2977 eadem
596 2912 861 2977 civitate
901 2913 977 2976 Τ.
1021 2911 1373 2996 Coponius,
1418 2912 1578 2978 civis
1623 2912 1784 2977 item
1829 2932 2084 2976 summa
2119 2910 2366 2975 virtute
2391 2929 2448 2970 ao

334 3004 403 3065 et
431 3000 771 3085 dignitate,
805 2998 1105 3085 (nepotes
1132 3000 1204 3065 T.
1233 3003 1302 3065 et
1328 2999 1400 3067 C.
1429 2999 1758 3085 Coponios
1785 2996 2026 3086 nostis)
2056 3000 2364 3065 damnato

245 3071 315 3123 54
333 3088 405 3155 C.
452 3087 723 3153 Masone
778 3088 939 3153 civis
985 3087 1322 3153 Romanus
1377 3092 1481 3155 est
1522 3088 1784 3153 factus?
1865 3088 1976 3153 An
2026 3087 2256 3173 lingua
2299 3088 2369 3153 et

332 3176 597 3261 ingenio
653 3175 951 3260 patefieri
1006 3176 1221 3241 aditus
1268 3176 1351 3240 ad
1397 3176 1731 3242 civitatem
1774 3174 2011 3260 potuit,
2057 3196 2255 3240 manu
2299 3176 2370 3239 et

332 3264 578 3329 virtute
640 3284 777 3330 non
835 3264 1101 3348 potuit?
1166 3266 1391 3346 an[ne]
1457 3264 1536 3329 de
1597 3263 1789 3330 nobis
1843 3263 2102 3328 trahere
2158 3262 2370 3347 spolia

334 3350 688 3417 foederatis
733 3351 1000 3435 licebat,
1056 3352 1133 3416 de
1177 3352 1484 3417 hostibus
1527 3371 1665 3416 non
1706 3351 1992 3417 licebat?
2039 3372 2150 3435 an,
2197 3350 2370 3435 quod
2397 3366 2450 3409 ω

339 3436 612 3521 adipisci
646 3442 956 3522 poterant
992 3439 1283 3523 dicendo,
1317 3439 1385 3503 id
1422 3439 1516 3504 eis
1551 3439 1902 3525 pugnando
1939 3438 2208 3521 adsequi
2239 3460 2375 3503 non
