2550 3875
347 181 478 247 308
785 179 928 234 PRO
967 178 1028 233 Τ.
1067 177 1304 234 ANNIO
1342 176 1623 234 MILONE
1664 176 1947 232 ORATIO.

345 345 412 412 vi
466 349 534 410 et
589 343 788 408 armis
845 341 1191 427 compulit,
1246 364 1420 426 eum,
1474 340 1579 407 cui
1625 340 1792 406 nihil
1838 361 2153 441 umquam
2200 338 2397 405 nefas

345 433 474 498 fuit
517 453 637 497 nec
681 431 753 496 in
797 430 1084 496 facinore
1129 452 1250 496 nec
1294 431 1366 495 in
1410 429 1708 531 libidine,
1764 451 1943 512 eum,
1999 428 2111 512 qui
2160 428 2400 492 aedem

344 520 803 606 Nympharum
839 519 1144 603 incendit,
1179 523 1256 584 ut
1294 518 1679 583 memoriam
1705 517 2037 601 publicam
2066 517 2401 582 recensio-

259 623 327 672 74
344 610 448 676 nis
503 609 749 674 tabulis
804 607 1086 692 publicis
1141 607 1529 692 impressam
1585 605 2024 706 extingueret,
2077 626 2229 670 eum
2286 604 2401 669 de-

344 699 562 783 nique,
607 697 713 762 cui
759 697 892 761 iam
937 696 1121 760 nulla
1164 696 1270 760 lex
1316 699 1477 779 erat,
1520 695 1776 759 nullum
1823 693 2067 759 civile
2048 715 2171 777 ius,
2214 693 2396 757 nulli

346 786 836 871 possessionum
889 785 1181 868 termini,
1237 783 1350 868 qui
1396 805 1532 848 non
1577 783 1904 848 calumnia
1948 780 2196 865 litium,
2250 803 2399 846 ιιοιι

346 875 612 940 iniustis
667 873 966 938 vindiciis
1023 894 1099 938 ac
1155 872 1581 938 sacramentis
1638 871 1885 936 alienos
1939 869 2207 953 fundOS,
2272 870 2400 934 sed

349 963 612 1047 castris,
671 962 984 1045 exercitu,
1049 961 1257 1046 signis
1312 959 1665 1025 inserendis
1720 959 2018 1043 petebat,
2084 920 2207 1042 qui'
2250 979 2399 1022 non

349 1053 563 1116 solum
607 1050 925 1116 Etruscos
973 1049 1113 1136 (eos
1161 1050 1337 1114 enim
1378 1049 1642 1133 penitus
1688 1044 2225 1148 contempserat),
2272 1046 2399 1110 sed

346 1140 520 1205 hunc
573 1139 645 1204 P.
692 1138 994 1222 Varium,
1039 1137 1476 1202 fortissimum
1522 1141 1718 1220 atque
1775 1136 2101 1220 optimum
2156 1135 2390 1218 civem,
2432 1157 2486 1196 ιο

347 1229 628 1294 iudicem
673 1231 992 1310 nostrum,
1039 1227 1283 1310 pellere
1320 1225 1847 1310 possessionibus
1886 1224 2085 1289 armis
2126 1223 2397 1289 castris—

351 1339 475 1402 que
531 1320 803 1382 conatus
860 1319 989 1399 est,
1054 1314 1168 1398 qui
1223 1337 1372 1380 cum
1426 1313 1802 1378 architectis
1858 1315 1927 1377 et
1979 1311 2397 1396 decempedis

349 1405 540 1470 villas
605 1404 965 1468 multorum
1018 1403 1379 1486 hortosque
1433 1402 1857 1488 peragrabat,
1920 1400 2035 1484 qui
2089 1399 2393 1465 Ianiculo

351 1498 419 1558 et
489 1492 768 1576 Alpibus
845 1513 1028 1576 spem
1097 1490 1587 1575 possessionum
1652 1489 2039 1554 terminarat
2103 1510 2395 1572 suarum,

351 1581 466 1666 qui
532 1602 680 1646 cum
744 1579 827 1644 ab
893 1579 1112 1663 equite
1167 1580 1464 1644 Romano
1530 1578 1868 1662 splendido
1924 1581 1991 1642 et
2044 1577 2234 1660 forti,
2296 1575 2389 1641 M.
2428 1597 2483 1638 ιε

350 1669 665 1752 PaconiO,
727 1690 862 1733 non
923 1667 1368 1752 impetrasset,
1425 1670 1502 1730 ut
1566 1665 1695 1731 sibi
1758 1665 2042 1730 insulam
2103 1665 2176 1730 in
2239 1665 2393 1730 lacu

350 1757 556 1822 Prilio
604 1756 928 1841 venderet,
974 1759 1240 1840 repente
1288 1755 1597 1820 lintribus
1643 1755 1714 1819 in
1754 1776 1900 1818 eam
1936 1754 2222 1818 insulam
2256 1776 2395 1818 ma-

352 1845 610 1929 teriem,
665 1846 936 1928 calcem,
992 1848 1355 1928 caementa,
1412 1865 1593 1908 arma
1648 1843 1950 1908 convexit
1994 1842 2394 1925 dominoque

352 1942 536 2001 trans
593 1933 806 2018 ripam
859 1933 1268 2019 inspectante
1323 1955 1458 1998 non
1501 1931 1829 1997 dubitavit
1875 1935 2175 1997 extruere
2222 1931 2398 1997 aedi-

268 2034 334 2085 '15
353 2024 576 2089 ficium
629 2023 701 2087 in
756 2022 998 2106 alieno,
1055 2022 1166 2105 qui
1221 2022 1374 2087 huic
1428 2021 1501 2085 T.
1553 2020 1898 2105 FurfaniO,
1956 2021 2060 2085 cui
2106 2020 2275 2104 viro,
2323 2021 2396 2085 di‘
2426 2042 2485 2081 so

352 2112 786 2177 immortales!
855 2073 1042 2195 (quid
1105 2110 1281 2174 enim
1346 2131 1466 2197 ego
1524 2109 1603 2174 de
1662 2109 2044 2174 muliercula
2102 2106 2394 2194 Scantia,

355 2201 513 2284 quid
548 2199 626 2264 de
664 2199 1076 2264 adulescente
1113 2197 1186 2263 P.
1221 2198 1467 2299 Apinio
1504 2197 1767 2263 dicam?
1813 2218 2093 2282 quorum
2127 2197 2395 2281 utrique

355 2292 637 2352 mortem
683 2290 784 2351 est
829 2287 1190 2371 minitatus,
1234 2287 1365 2351 nisi
1412 2286 1540 2351 sibi
1584 2286 1929 2351 hortorum
1974 2286 2395 2370 possessione

357 2372 733 2461 cessissent)
774 2411 860 2422 —
899 2375 1010 2440 sed
1040 2397 1270 2440 ausum
1298 2396 1440 2439 esse
1468 2375 1541 2439 Τ.
1569 2373 1883 2439 Furfanio
1913 2374 2146 2459 dicere,
2174 2374 2233 2439 si
2262 2375 2396 2440 sibi

353 2464 714 2565 pecuniam,
752 2468 1066 2564 quantam
1100 2468 1510 2548 poposcerat,
1545 2485 1680 2528 non
1716 2460 2017 2547 dedisset,
2054 2466 2394 2528 mortuum
2422 2482 2483 2523 ss

356 2574 426 2618 se
479 2552 550 2616 ιιι
604 2552 868 2617 domum
924 2552 1062 2617 eius
1107 2552 1494 2637 inlaturum,
1551 2571 1679 2635 qua
1723 2550 1969 2615 invidia
2012 2551 2167 2617 huic
2217 2557 2397 2617 esset

355 2640 477 2705 tali
504 2640 644 2705 viro
675 2640 1235 2725 conflagrandum3
1275 2640 1388 2723 qui
1414 2640 1707 2724 Appium
1733 2638 2026 2723 fratrem,
2052 2640 2396 2705 hominem

354 2729 518 2794 mihi
556 2730 976 2794 coniunctum
1012 2728 1333 2793 fidissima
1370 2729 1603 2814 gratia,
1640 2729 1977 2793 absentem
2015 2728 2093 2792 de
2129 2750 2393 2811 posses-

355 2818 538 2883 sione
590 2816 777 2882 fundi
832 2816 1094 2901 deiecit,
1149 2816 1262 2901 qui
1316 2818 1635 2901 parietem
1687 2817 1782 2881 sic
1826 2838 1944 2899 per
1987 2817 2394 2883 vestibulum

354 2906 598 2971 sororis
645 2905 938 2970 instituit
983 2906 1242 2989 ducere,
1290 2905 1386 2969 sic
1432 2926 1623 2992 agere
1669 2904 2119 2988 fundamenta,
2165 2910 2244 2970 ut
2292 2928 2393 2971 so·
2420 2926 2479 2966 ω

353 3016 568 3095 rorem
594 3014 756 3109 ‚non
808 2992 1002 3058 modo
1059 2993 1388 3059 vestibulo
1442 2994 1761 3078 privaret,
1823 2993 1934 3058 sed
1982 2993 2159 3057 omni
2208 2994 2395 3060 aditu

247 3144 334 3282 ἓξ
355 3086 424 3147 effi
464 3082 902 3272 ,Igilgili-cluam
935 3170 1097 3272 haec
1132 3170 1394 3255 quidem
1421 3169 1561 3272 iam
1581 3171 1956 3273 tolerabilia
1982 3170 2396 3272 videbantur,

355 3262 484 3322 etsi
547 3259 979 3341 aequabihter
1041 3281 1112 3323 in
1175 3280 1316 3324 rem
1380 3260 1741 3344 publicam,
1804 3282 1875 3324 ιιι
1931 3262 2255 3344 privatos,
2323 3260 2396 3325 in

353 3345 769 3446 longinquos,
805 3346 877 3410 ιιι
911 3346 1335 3430 propinquos,
1371 3346 1442 3410 ιιι
1470 3347 1734 3432 alienos,
1770 3370 1842 3412 m
1878 3370 2030 3413 suos
2066 3348 2394 3433 irruebat3
2420 3365 2471 3407 ει

357 3433 470 3496 sed
496 3433 716 3497 nescio
747 3455 876 3516 quo
907 3433 1147 3499 modo
1129 3455 1261 3499 iam
1289 3454 1415 3497 usu
1443 3434 1841 3501 obduruerat
1870 3441 1937 3501 et
1954 3436 2394 3521 percalluerat

357 3519 644 3585 civitatis
717 3519 1118 3585 incredibilis
1190 3521 1530 3605 patientia.
1640 3525 1819 3601 Quae
1892 3546 2045 3589 vero
2119 3522 2394 3589 aderant
