2550 3875
361 187 449 252 62
946 183 1087 240 pso
1123 184 1185 240 P.
1225 182 1467 240 snsno
1505 181 1791 240 ORATIO.

239 363 341 412 141
359 349 687 434 praesenti
730 351 938 414 morte
985 351 1100 412 aut
1139 346 1316 430 turpi
1354 345 1545 412 exilio
1582 345 2036 430 dependerunt.
2128 343 2381 420 Quodsi

362 438 534 522 apud
566 435 1002 519 Atheniensis,
1046 434 1341 500 homines
1382 433 1662 499 Graecos
1699 433 1893 520 longe
1931 455 1970 497 a
2002 436 2381 498 nostrorum

359 525 699 590 hominum
752 522 1072 610 gravitate
1126 522 1476 606 diiunctos,
1529 543 1664 588 non
1718 521 2008 605 deerant,
2072 520 2185 604 qui
2238 542 2381 586 rem

360 613 690 698 publicam
736 615 964 677 contra
1005 610 1230 695 populi
1273 610 1709 675 temeritatem
1754 609 2184 691 defenderent,
2228 631 2380 673 cum

363 721 604 784 omnes,
651 700 764 785 qui
807 700 904 764 ita
946 698 1251 781 fecerant,
1296 720 1331 762 e
1379 698 1645 763 civitate
1692 697 2066 781 eicerentur,
2112 696 2171 760 si
2213 697 2380 761 The-
2435 723 2463 764 ε»

362 789 727 854 mistoclem
769 787 974 870 illum,
1021 790 1542 852 conservatorem
1581 785 1851 871 patriae,
1893 806 2029 849 non
2063 784 2382 850 deterruit

362 897 403 941 a
454 899 524 942 re
577 875 840 960 publica
892 873 1288 940 defendenda
1337 895 1458 939 nec
1509 872 1791 938 Miltiadi
1847 872 2207 955 calamitas,
2264 873 2380 956 qui

360 965 544 1030 illam
625 963 954 1029 civitatem
1033 963 1228 1044 paulo
1308 965 1456 1026 ante
1527 963 1841 1044 servarat,
1918 981 2039 1026 nec
2103 960 2381 1026 Aristidi

359 1051 538 1138 fuga,
583 1052 696 1136 qui
737 1073 906 1116 unus
953 1051 1243 1116 omnium
1287 1050 1684 1114 iustissimus
1729 1048 1934 1114 fuisse
1973 1049 2272 1132 traditur,
2320 1049 2383 1122 si

361 1145 591 1226 postea
636 1139 873 1204 summi
921 1138 1206 1203 eiusdem
1251 1137 1539 1202 civitatis
1583 1137 1734 1221 viri,
1780 1157 1945 1220 quos
1987 1137 2378 1202 nominatim
2408 1163 2464 1203 ιο

361 1227 678 1313 appellari
719 1249 854 1292 non
897 1230 999 1292 est
1039 1246 1321 1308 necesse,
1364 1224 1720 1309 propositis
1764 1228 1871 1290 tot
1910 1224 2276 1308 exemplis
2256 1247 2383 1288 lra-

361 1317 630 1382 cundiae
675 1314 1090 1398 levitatisque
1133 1277 1467 1398 popularis
1513 1317 1733 1377 tamen
1777 1333 1962 1378 suam
1997 1334 2136 1377 rem
2168 1313 2383 1396 publi·

365 1426 506 1469 cam
548 1403 734 1468 illam
777 1402 1222 1484 defenderunt,
1268 1401 1424 1485 quid
1467 1421 1588 1466 nos
1632 1400 1895 1465 tandem
1938 1399 2150 1465 facere
2195 1400 2383 1465 debe-

363 1513 508 1558 mus
578 1492 861 1575 primum
931 1489 1001 1554 in
1073 1510 1150 1553 ea
1212 1489 1476 1554 civitate
1537 1488 1705 1572 nati,
1773 1489 1943 1553 unde
2008 1491 2153 1552 orta
2214 1488 2382 1553 mihi

365 1579 658 1680 gravitas
717 1581 784 1642 et
840 1577 1222 1662 magnitudo
1278 1577 1479 1641 animi
1530 1576 1809 1659 videtur,
1873 1580 2016 1641 tum
2070 1576 2141 1640 in
2192 1580 2382 1640 tanta
2412 1602 2464 1643 15

365 1667 577 1753 gloria
638 1665 1038 1747 insistentes,
1105 1668 1181 1729 ut
1243 1665 1461 1729 omnia
1523 1665 1807 1729 humana
1868 1663 2114 1729 leviora
2175 1664 2383 1728 videri

364 1754 668 1838 debeant,
723 1752 950 1818 deinde
1005 1753 1087 1817 ad
1139 1773 1284 1817 eam
1336 1773 1475 1817 rem
1526 1752 1858 1836 publicam
1910 1752 2219 1817 tuendam
2274 1753 2382 1816 ad-

365 1841 600 1928 gressi,
647 1861 811 1926 quae
856 1843 1043 1904 tanta
1086 1840 1406 1925 dignitate
1453 1844 1580 1925 est,
1624 1843 1701 1904 ut
1746 1861 1889 1904 eam
1932 1839 2383 1905 defendentem

367 1930 656 2082 0001ᾱοξο
726 1928 1116 1993 laudabilius
1187 1929 1277 1993 sit
1351 1951 1546 2014 quam
1618 1931 2146 2015 oppugnantem
2164 1951 2382 1994 rerum

364 2018 564 2105 potiri
2408 2044 2460 2083 20

496 2105 812 2172 Homines
869 2104 1125 2190 Graeci,
1189 2126 1353 2189 quos
1408 2109 1599 2170 antea
1649 2105 2006 2190 nominavi,
2064 2103 2286 2189 inique
2344 2127 2382 2169 a

366 2195 501 2260 suis
553 2194 802 2260 civibus
848 2193 1136 2258 damnati
1182 2197 1377 2276 atque
1424 2193 1674 2278 expulsi
1718 2198 1963 2278 tamen,
2019 2192 2173 2277 quia
2215 2194 2380 2258 bene

366 2287 519 2349 sunt
554 2282 631 2347 de
667 2282 803 2347 suis
840 2281 1212 2346 civitatibus
1249 2281 1486 2366 meriti,
1530 2284 1718 2345 tanta
1750 2280 1942 2346 hodie
1980 2281 2193 2366 gloria
2227 2285 2383 2345 sunt

364 2392 496 2436 non
550 2369 622 2434 in
667 2368 940 2433 Graecia
994 2369 1232 2452 solum,
1288 2370 1399 2433 sed
1445 2370 1645 2434 etiam
1690 2369 1860 2453 apud
1903 2390 2023 2433 nos
2070 2372 2267 2453 atque
2311 2370 2384 2434 in

368 2458 600 2526 ceteris
635 2457 848 2541 terris,
892 2461 969 2521 u't
1005 2479 1134 2541 eos,
1180 2479 1220 2521 a
1255 2457 1491 2540 quibus
1527 2456 1627 2521 illi
1665 2457 1959 2541 oppressi
1996 2456 2147 2540 sint,
2186 2478 2379 2522 nemo
2410 2482 2463 2523 25

364 2546 675 2629 nominet,
700 2545 935 2610 horum
965 2545 1408 2609 calamitatem
1426 2544 1857 2610 dominationi
1873 2544 2138 2609 illorum
2157 2566 2382 2609 omnes

369 2637 785 2718 anteponant.
866 2631 1028 2709 Quis
1057 2631 1696 2717 Carthaginiensium
1728 2631 1937 2716 pluris
1973 2630 2103 2696 fuit
2135 2630 2384 2697 Hanni-

366 2723 513 2787 bale
559 2720 851 2805 consili0,
894 2720 1158 2805 virtute,
1201 2722 1397 2786 rebus
1444 2719 1667 2806 gestis,
1714 2720 1827 2803 qui
1871 2741 2037 2784 unus
2085 2742 2233 2785 cum
2277 2725 2383 2786 tot

367 2809 869 2894 imperatoribus
913 2809 1158 2873 nostris
1204 2829 1323 2892 per
1365 2812 1471 2873 tot
1517 2829 1718 2873 annos
1764 2808 1844 2871 de
1888 2808 2161 2892 imperio
2198 2812 2266 2872 et
2304 2809 2383 2873 de

368 2898 583 2984 gloria
616 2896 1015 2961 decertavit?
1087 2897 1277 2961 Hunc
1315 2896 1418 2961 sui
1455 2896 1626 2961 cives
1663 2917 1697 2959 e
1736 2895 2000 2960 civitate
2030 2896 2382 2981 eiecerunt3
2408 2923 2463 2963 8⁰

367 3008 488 3051 nos
535 2986 732 3049 etiam
779 2984 1040 3048 hostem
1074 2984 1318 3048 litteris
1353 2984 1598 3049 nostris
1636 2987 1703 3048 et
1740 2983 2054 3049 memoria
2088 2984 2381 3049 videmus

249 3093 349 3141 143
372 3096 512 3139 esse
551 3072 966 3138 celebratum.
1050 3070 1261 3148 Quare
1298 3072 1633 3136 imitemur
1666 3076 1929 3137 nostros
1966 3071 2229 3155 Brutos,
2265 3071 2383 3138 Ca-

371 3161 616 3245 millos,
670 3159 944 3240 Ahalas,
997 3158 1265 3244 Decios,
1320 3158 1579 3243 Curios,
1633 3158 1997 3243 Fabricios,
2041 3123 2383 3244 Maximos,

373 3246 726 3333 Scipiones,
770 3246 1102 3330 Lentulos,
1140 3247 1473 3330 Aemilios,
1508 3210 2011 3315 in'numerabiles
2050 3247 2232 3331 alios,
2270 3249 2384 3350 qui

368 3335 538 3401 hanc
600 3356 739 3399 rem
800 3334 1129 3419 publicam
1194 3335 1680 3420 stabiliverunt3
1744 3356 1907 3419 quos
1963 3336 2260 3419 equidem
2313 3336 2383 3400 in
2409 3360 2459 3403 εὖ

373 3423 641 3488 deorum
686 3422 1156 3488 immortalium
1195 3426 1387 3487 coetu
1424 3445 1499 3487 ac
1533 3445 1801 3488 numero
1840 3444 2102 3507 repono.
2192 3424 2382 3490 Ame-

373 3531 516 3575 mus
579 3510 889 3594 patriam,
951 3531 1294 3593 pareamus
1357 3512 1637 3596 senatui,
1702 3510 2111 3589 consulamus
2166 3512 2383 3593 bonis;

251 2088 336 2154 68

247 2178 346 2227 142
