2550 3875
325 171 462 235 488
590 170 673 225 IN
708 170 786 224 M.
825 169 1220 225 ANTONIUM
1257 170 1529 225 ORATIO
1568 170 1981 226 PHILIPPICA
2016 172 2113 227 IX.

331 332 572 416 01111113,
655 331 876 396 subito
960 336 1222 415 ereptus
1311 355 1345 397 e
1421 354 1614 397 causa
1688 336 1902 397 totam
1974 334 2387 420 legationem

275 440 310 487 2
333 421 563 485 orbam
602 423 669 483 et
706 420 1119 484 debilitatam
1155 420 1444 504 reliquit.
1527 420 1776 497 Quodsi
1815 422 2119 506 cuiquam
2158 424 2385 488 iustus

274 1840 310 1887 3

330 508 542 573 honos
596 508 864 571 habitus
922 512 1024 572 est
1077 508 1147 571 in
1200 513 1413 573 morte
1470 509 1722 594 legat0,
1776 510 1846 573 in
1899 510 2082 576 nullo
2134 511 2389 576 iustior

335 597 562 679 [quam
624 596 695 659 in
756 594 891 660 Ser.
950 594 1268 679 Sulpicio]
1336 598 1712 681 reperietur.
1813 596 2059 681 Ceteri,
2126 600 2241 682 qui
2310 600 2385 664 in

2532 466 2542 549 ,ἰ

332 684 660 769 legatione
707 687 986 748 mortem
1034 685 1358 769 obierunt,
1409 686 1489 749 ad
1535 686 1858 749 incertum
1904 687 2078 751 vitae
2123 688 2384 771 pericu-
2436 704 2462 745 ⁵
2540 686 2543 739 ἶ

332 772 471 836 111111
511 771 650 835 31110
687 771 824 836 11110
861 772 1096 836 mortis
1135 776 1315 837 metu
1351 772 1631 856 profecti
1666 777 1837 857 sunt,
1877 772 2011 839 Ser.
2043 773 2384 859 Sulpicius

334 882 484 925 cum
531 859 750 944 aliqua
783 860 1200 944 perveniendi
1239 862 1320 925 ad
1356 860 1443 925 M.
1481 861 1847 925 Antonium
1884 884 1999 946 spe
2035 863 2382 947 profectus

333 952 454 1033 est,
496 947 681 1012 nulla
725 948 1108 1013 revertendi.
1192 948 1320 1025 Qui
1366 972 1514 1014 cum
1560 950 1657 1013 ita
1701 949 1993 1016 adfectus
2040 955 2234 1035 esset,
2285 956 2381 1036 ut,

333 1036 392 1100 si
439 1036 519 1100 ad
567 1056 836 1121 gravem
878 1036 1318 1101 valetudinem
1362 1038 1551 1102 labor
1597 1038 2007 1124 accessisset,
2054 1040 2185 1104 sibi
2230 1040 2381 1123 ipse

333 1124 689 1209 diffideret,
768 1146 902 1189 non
973 1124 1329 1209 recusavit,
1403 1148 1532 1209 quo
1608 1126 1823 1191 minus
1895 1127 1999 1191 vel
2074 1131 2376 1191 extremo
2407 1148 2453 1185 ιο

335 1212 599 1298 spiritu,
655 1212 712 1277 si
769 1234 964 1297 quam
1019 1235 1212 1297 opem
1257 1213 1354 1277 rei
1398 1214 1697 1297 publicae
1742 1214 1911 1279 ferre
1957 1219 2212 1299 posset,
2273 1239 2378 1281 ex-

332 1302 675 1385 periretur.
772 1299 1006 1384 Itaque
1068 1323 1204 1365 non
1257 1301 1447 1365 illum
1502 1302 1601 1366 vis
1656 1302 1919 1386 hiemis,
1981 1326 2116 1368 non
2169 1305 2377 1389 nives,

329 1411 464 1454 non
534 1388 878 1473 longitudo
943 1388 1226 1472 itineris,
1297 1412 1433 1454 non
1496 1390 1813 1473 asperitas
1877 1391 2131 1455 viarum
2146 1444 2165 1476 ,
2238 1415 2378 1458 non

330 1478 600 1541 morbus
647 1476 1104 1561 ingravescens
1150 1478 1537 1563 retardavit,
1593 1500 1867 1562 cumque
1914 1479 2046 1543 iam
2094 1480 2177 1543 ad
2224 1503 2376 1546 con-

329 1585 630 1650 gressum
708 1564 1252 1648 conloquiumque
1328 1566 1465 1631 eius
1525 1568 1957 1652 pervenisset,
2030 1568 2112 1632 ad
2174 1590 2373 1653 quem
2403 1585 2448 1625 1⁵

331 1656 475 1717 erat
520 1652 786 1733 111133113,
836 1652 907 1716 111
951 1652 1097 1736 ipsa
1143 1675 1298 1717 cura
1346 1676 1419 1719 ac
1466 1654 1892 1720 meditatione
1941 1656 2221 1720 obeundi
2272 1658 2375 1721 sui

329 1741 619 1805 muneris
667 1740 947 1805 excessit
992 1762 1026 1805 0
1072 1741 1228 1805 vita.

465 1827 562 1893 Ut
607 1828 816 1913 igitur
861 1828 1018 1913 alia,
1065 1830 1159 1893 sic
1203 1829 1358 1915 hoc,
1403 1828 1472 1895 C.
1519 1829 1751 1913 Pansa,
1798 1831 2148 1916 praeclare,
2198 1834 2375 1917 quod

329 1920 399 1982 et
451 1940 573 1983 nos
631 1916 711 1981 ad
764 1916 1217 1982 honorandum
1265 1916 1401 1983 Ser.
1450 1916 1813 2002 Sulpicium
1867 1920 2253 1986 cohortatus
2301 1945 2371 1986 es

330 2010 399 2070 et
442 2005 586 2090 ipse
633 2005 844 2070 multa
891 2006 1150 2090 copiose
1199 2007 1275 2071 de
1323 2007 1503 2071 illius
1549 2008 1737 2072 laude
1785 2007 2029 2074 dixisti.
2112 2008 2371 2085 Quibus
2398 2029 2445 2068 20

330 2116 371 2157 a
423 2097 489 2157 te
545 2093 738 2158 dictis
794 2093 962 2158 1111111
1007 2099 1268 2178 praeter
1316 2095 1708 2160 sententiam
1753 2096 2060 2180 dicerem,
2118 2098 2253 2162 nisi
2298 2097 2371 2162 P.

332 2179 640 2265 ServiliO,
694 2181 1059 2246 clarissimo
1105 2183 1265 2266 viro,
1312 2183 1831 2266 respondendum
1876 2189 2207 2269 putarem,
2256 2186 2370 2270 qui

223 2298 231 2306 ·
327 2269 502 2334 hunc
547 2269 864 2333 honorem
912 2274 1168 2335 statuae
1205 2271 1452 2334 nemini
1488 2271 1907 2336 tribuendum
1946 2273 2202 2338 censuit
2238 2275 2369 2339 nisi

265 3034 309 3098 2

329 2357 419 2440 ei,
494 2357 606 2439 qui
678 2356 852 2421 ferro
928 2362 1102 2422 esset
1175 2359 1246 2422 in
1309 2359 1641 2444 legatione
1704 2360 2108 2426 interfectus.
2218 2361 2367 2448 Ego

331 2448 579 2528 autem,
623 2448 846 2528 patres
893 2446 1275 2530 conscripti,
1323 2447 1416 2512 310
1462 2446 1861 2531 interpretor
1906 2449 2187 2514 sensisse
2234 2473 2365 2514 1110·
2392 2469 2439 2509 2⁵

327 2533 501 2598 iores
546 2537 830 2617 nostros,
875 2538 952 2597 ut
989 2555 1254 2599 causam
1292 2535 1525 2599 mortis
1565 2537 1952 2621 censuerint,
1987 2559 2123 2601 non
2159 2558 2367 2622 genus

329 2642 471 2686 esse
546 2622 1002 2704 quaerendum.
1109 2622 1405 2706 Etenim,
1480 2624 1585 2688 cui
1656 2623 1902 2708 legatio
1968 2625 2113 2709 ipsa
2175 2647 2367 2692 causa

331 2709 564 2774 mortis
609 2708 864 2794 fuisset,
909 2711 1048 2774 eius
1095 2711 1570 2775 monimentum
1616 2716 1836 2776 extare
1881 2713 2247 2797 voluerunt,
2290 2719 2365 2779 ut

327 2798 398 2861 in
443 2797 636 2862 bellis
682 2797 1066 2880 periculosis
1106 2795 1366 2862 obirent
1400 2798 1699 2863 homines
1738 2800 2089 2885 legationis
2126 2824 2363 2868 munus

329 2885 654 2951 audacius.
757 2884 912 2950 Non
975 2885 1181 2970 igitur
1245 2886 1542 2970 exempla
1596 2887 1918 2952 maiorum
1982 2891 2363 2975 quaerenda,
2387 2909 2437 2950 so

328 2974 442 3038 sed
507 2972 853 3038 consilium
916 2976 1018 3037 est
1073 2995 1324 3057 eorum,
1384 2998 1425 3038 a
1477 2997 1606 3058 quo
1663 2975 1807 3058 ipsa
1862 2977 2159 3061 exempla
2207 2984 2365 3044 nata

329 3064 509 3143 sunt,
565 3060 1034 3144 explicandum.
1124 3059 1289 3126 Lars
1336 3062 1747 3146 Tolumnius,
1809 3086 1924 3129 rex
1968 3063 2361 3149 Veientium,

329 3152 643 3233 quattuor
713 3149 968 3234 legatos
1036 3149 1266 3232 populi
1328 3150 1609 3215 Romani
1672 3149 1938 3217 Fidenis
2011 3153 2361 3239 interemit,

327 3257 608 3320 quorum
664 3240 922 3302 statuae
971 3240 1297 3302 steterunt
1340 3260 1545 3322 usque
1592 3239 1672 3302 ad
1720 3261 1934 3304 meam
1979 3243 2359 3308 memoriam

325 3324 398 3388 in
443 3323 696 3388 rostris
777 3323 1002 3389 Iustus
1044 3325 1283 3409 honos3
1327 3326 1407 3390 iis
1446 3327 1620 3391 enim
1658 3328 1935 3393 maiores
1970 3331 2202 3418 nostri,
2248 3332 2356 3414 qui
2382 3351 2430 3390 ³5

327 3411 414 3474 ob
478 3432 617 3474 rem
680 3412 1012 3495 publicam
1073 3417 1356 3477 mortem
1420 3414 1747 3498 obierant,
1808 3439 1929 3501 pro
1989 3418 2170 3482 brevi
2222 3418 2357 3484 vita

325 3496 706 3561 diuturnam
762 3499 1144 3564 memoriam
1199 3500 1632 3565 reddiderunt.
1726 3502 1841 3569 Gn.
1888 3504 2145 3584 Octavi,
2200 3507 2353 3572 clari
