2550 3875
854 187 1009 245 CAP.
1046 195 1186 244 4—e
1223 194 1254 255 ς
1294 195 1487 245 9—15.
2131 191 2261 256 379

225 351 304 417 L.
343 349 671 435 Murenae,
718 349 829 434 qui
875 354 1019 415 tum
1061 354 1249 415 erant
1286 352 1583 417 consules
1621 351 1965 437 designati,
2010 353 2260 436 placuit

225 440 407 506 idem
468 439 641 524 quod
696 439 1146 505 consularibus
1200 437 1289 502 M.
1345 438 1611 524 Catoni3
1676 441 1789 524 qui
1843 461 1990 505 cum
2048 441 2259 506 multa

228 529 374 592 vita
435 527 747 593 excedens
809 527 1122 612 providit,
1187 530 1332 592 tum
1388 528 1562 612 quod
1616 531 1682 592 te
1738 529 2073 593 consulem
2124 550 2261 594 non

227 616 416 681 vidit.
488 614 772 680 Maxime
817 636 971 681 vero
1017 615 1432 680 consulatum
1478 636 1697 681 meum
1742 614 1857 682 On.
1904 615 2257 701 Pompeius

168 719 198 760 ὁ
226 704 556 789 probavit,
603 704 715 789 qui
759 707 837 768 ut
881 725 985 768 me
1030 703 1317 788 primum
1362 701 1675 769 decedens
1722 724 1800 768 ex
1838 702 2031 789 Syria
2073 705 2257 790 vidit,

228 792 586 876 conplexus
633 796 701 857 et
745 792 1087 878 gratulans
1125 813 1270 856 meo
1309 791 1623 857 beneficio
1660 792 1945 876 patriam
1982 815 2051 859 se
2088 793 2258 858 visu-

227 903 380 946 rum
415 901 558 945 esse
596 879 778 945 dixit.
854 878 983 946 Sed
1021 879 1176 964 quid
1215 879 1511 966 singulos
1550 881 2036 946 commemoro?
2105 881 2257 947 Fre—

229 968 664 1054 quentissimo
721 967 977 1033 senatui
1031 968 1129 1033 sic
1181 968 1461 1052 placuit,
1517 971 1595 1033 ut
1648 973 1823 1034 esset
1864 991 2086 1053 nemo,
2141 970 2255 1054 qui

227 1057 396 1121 mihi
454 1078 591 1122 non
652 1060 728 1121 ut
789 1056 1047 1141 parenti
1112 1056 1364 1142 gratias
1422 1059 1675 1142 ageret,
1738 1056 1851 1140 qui
1906 1057 2069 1122 mihi
2121 1079 2256 1124 non

147 1171 202 1210 ιο
229 1146 438 1210 vitam
485 1166 698 1230 suam,
740 1144 1068 1228 fortunae,
1114 1145 1377 1229 liberos,
1423 1167 1561 1210 rem
1604 1144 1937 1229 publicam
1982 1144 2257 1211 referret

231 1255 381 1300 acce
429 1238 585 1299 tam.

367 1257 496 1388 §ed
552 1321 857 1407 quoniam
910 1322 1074 1406 illis,
1120 1343 1285 1407 quos
1340 1321 1701 1408 nominavi,
1746 1327 1851 1388 tot
1896 1328 1965 1388 et
2011 1324 2253 1390 talibus
2274 1292 2315 1357 6

231 1412 392 1477 viris
437 1432 541 1476 res
585 1411 853 1496 publica
897 1411 1132 1476 orbata
1176 1415 1306 1495 est,
1365 1411 1700 1476 veniamus
1748 1411 1831 1476 ad
1875 1412 2087 1496 vivos,
2140 1413 2255 1497 qui
2234 1383 2341 1430 ¹3

224 1499 361 1566 duo
417 1500 496 1565 de
551 1499 991 1566 consularium
1043 1520 1314 1564 numero
1370 1499 1607 1585 reliqui
1657 1504 1828 1565 sunt.
1916 1499 1989 1566 L.
2036 1499 2253 1604 Cotta,

155 1612 206 1654 1⁵
233 1589 335 1654 vir
399 1610 654 1659 summo
717 1588 980 1675 ingenio
1045 1609 1427 1672 summaque
1484 1588 1855 1674 prudentia,
1918 1590 2112 1655 rebus
2166 1589 2252 1655 iis

231 1678 467 1764 gestis,
523 1700 684 1763 quas
739 1681 815 1742 tu
869 1678 1312 1763 reprehendiS,
1368 1677 1913 1780 supplicationem
1967 1678 2254 1745 decrevit

230 1767 448 1832 verbis
507 1766 956 1852 amplissimis,
1011 1767 1198 1852 eique
1243 1766 1345 1831 illi
1388 1767 1543 1851 ipsi,
1600 1788 1763 1852 quos
1809 1767 2002 1832 modo
2046 1767 2253 1833 nomi·

228 1855 400 1941 navi,
446 1855 820 1921 consulares
865 1859 1256 1941 senatusque
1304 1860 1575 1921 cunctus
1622 1855 1931 1921 adsensus
1970 1860 2091 1942 est,
2136 1856 2252 1942 qui

228 1944 442 2010 1101100
496 1949 650 2029 post
695 1945 1025 2010 conditam
1069 1945 1237 2010 hanc
1282 1946 1513 2010 urbem
1557 1945 1824 2010 habitus
1870 1949 1972 2011 est
2018 1949 2250 2031 togato

150 2056 206 2097 20
231 2037 384 2099 ante
431 2055 534 2098 me
578 2033 841 2098 nemini.
911 2032 985 2099 L.
1021 2031 1278 2117 Caesar,
1325 2034 1680 2099 avunculus
1726 2038 1898 2118 tuus,
1946 2054 2075 2119 qua
2110 2056 2249 2099 ora-
2272 2046 2339 2095 14

231 2123 439 2207 tione,
487 2143 614 2206 qua
661 2122 1048 2205 constantia,
1099 2144 1228 2205 qua
1270 2122 1598 2208 gravitate
1644 2121 2041 2187 sententiam
2085 2122 2251 2188 dixit

229 2210 302 2275 in
347 2210 591 2275 sororis
639 2230 791 2275 suae
836 2209 1066 2294 virum,
1110 2210 1419 2276 vitricum
1464 2212 1678 2276 tuum!
1751 2210 1944 2276 Hunc
1989 2214 2065 2275 tu
2102 2232 2250 2277 cum

231 2303 566 2364 auctorem
604 2302 670 2363 et
705 2302 1191 2383 praeceptorem
1228 2299 1521 2363 omnium
1558 2298 1980 2365 consiliorum
2016 2300 2249 2365 totius·

233 2408 357 2471 que
411 2386 585 2451 vitae
641 2386 975 2452 debuisses
1023 2386 1293 2471 habere,
1347 2387 1569 2453 vitrici
1612 2391 1679 2452 te
1726 2387 2007 2451 similem
2054 2409 2250 2471 quam

153 2496 204 2539 2⁵
234 2475 535 2540 avunculi
579 2474 889 2539 maluisti.
960 2474 1174 2539 Huius
1222 2495 1346 2561 ego
1393 2476 1641 2541 alienus
1688 2475 1979 2541 consiliis
2023 2476 2249 2541 consul

231 2584 389 2629 usus
445 2585 616 2647 sum,
662 2566 737 2627 tu
792 2562 1036 2627 sororis
1088 2562 1264 2628 filius
1322 2563 1553 2649 ecquid
1609 2563 1691 2628 ad
1745 2585 1893 2629 eum
1936 2585 2249 2648 umquam

233 2652 310 2717 de
365 2672 436 2717 re
480 2651 744 2735 publica
789 2650 1152 2716 rettulisti?
1242 2650 1339 2716 At
1383 2652 1464 2716 ad
1511 2673 1675 2737 quos
1721 2651 1967 2717 refert?
2022 2652 2089 2716 di
2132 2653 2250 2717 im—

232 2739 570 2806 mortales!
660 2738 765 2803 Ad
814 2760 925 2805 eos
973 2739 1248 2823 scilicet,
1307 2762 1583 2825 quorum
1625 2739 1818 2805 nobis
1865 2739 2065 2805 etiam
2110 2740 2249 2804 dies

232 2828 484 2894 natales
531 2828 832 2893 audiendi
872 2832 1042 2892 sunt.
1115 2827 1329 2893 Hodie
1365 2850 1501 2893 non
1534 2828 1866 2893 descendit
1902 2827 2248 2891 Antonius.
2273 2846 2339 2895 15

157 2940 210 2980 ao
237 2914 410 2983 Cur?
517 2914 653 2981 Dat
715 2916 1092 2981 nataliciam
1155 2916 1224 2981 in
1287 2916 1518 2981 hortis.
1628 2914 1794 2982 Oui?
1903 2912 2251 2980 Neminem

233 3004 612 3089 nominab03
646 3008 876 3089 putate
905 3009 1048 3069 tum
1075 3003 1458 3069 Phormioni
1487 3003 1700 3086 alicui,
1727 3006 1871 3067 tum
1898 3000 2252 3087 Gnathoni,

235 3097 377 3158 tum
432 3093 633 3158 etiam
685 3092 987 3158 Ballioni.
1083 3092 1140 3157 Ο
1195 3093 1579 3158 foeditatem
1631 3090 1917 3156 hominis
1971 3090 2227 3175 flagitio

236 3202 393 3265 sam,
444 3203 483 3246 o
529 3180 1018 3283 impudentiam,
1061 3181 1441 3266 nequitiam,
1486 3180 1827 3245 libidinem
1870 3198 2004 3243 non
2047 3177 2253 3243 feren-

236 3270 408 3333 dam!
469 3268 568 3333 'ru
607 3290 754 3333 cum
787 3269 1150 3353 principem
1185 3272 1571 3351 senatorem,
1608 3268 1815 3333 civem
1852 3265 2253 3352 singularem

162 3380 212 3421 85
238 3361 372 3422 tam
416 3356 854 3442 propinquum
898 3356 1162 3441 habeas,
1207 3358 1291 3421 ad
1336 3378 1485 3421 eum
1531 3318 1609 3421 de
1652 3376 1725 3420 re
1778 3355 2043 3438 publica
2085 3354 2254 3419 nihil

236 3444 495 3528 referas,
541 3442 784 3509 referas
831 3444 913 3509 ad
959 3464 1090 3528 eos,
1136 3445 1247 3529 qui
1296 3465 1481 3509 suam
1525 3464 1665 3509 rem
1700 3442 1952 3508 nullam
1984 3442 2250 3527 habent,

235 3538 418 3597 tuam
453 3530 884 3596 exhauriunt?
956 3530 1132 3596 Τ11110
1168 3532 1471 3596 videlicet
1508 3531 1814 3597 salutaris
1854 3531 2230 3596 consulatus
2231 3526 2361 3616 ,(7)
