2550 3875
257 434 326 482 44

241 1092 329 1157 20

259 1180 329 1229 45

344 172 476 237 552
579 170 658 224 IN
693 170 768 225 M.
807 170 1205 229 ANTONIUM
1243 169 1518 225 ORATIO
1556 169 1967 226 PHILIPPICA
2005 169 2157 223 XIII.

345 334 573 418 lingua
619 330 859 395 Latina
895 333 1024 414 est,
1069 332 1136 395 id
1180 336 1452 415 propter
1496 336 1679 395 tuam
1726 331 2010 396 divinam
2053 332 2376 414 pietatem

343 443 587 486 novum
640 419 910 484 inducia
1000 417 1168 484 ‘nec
1223 420 1589 484 Plancum
1642 420 1992 502 prodere,
2046 419 2375 502 partiei-

344 530 512 593 pem
560 505 1113 572 consiliorum.’
1197 506 1510 571 Plancum
1545 507 1976 590 participem?
2022 507 2208 571 cuius
2246 528 2375 571 me-

344 595 682 661 morabilis
743 616 817 661 ac
872 595 1092 659 divina
1143 594 1350 659 virtus
1405 595 1617 660 lucem
1672 594 1886 660 adfert
1929 595 2025 658 rei
2067 595 2375 677 publicae

345 682 502 766 (nisi
564 682 735 748 forte
800 705 948 747 eum
1012 683 1303 747 subsidio
1369 683 1494 746 tibi
1548 683 1766 747 venire
1823 683 2165 747 arbitraris
2226 704 2376 747 cum
2424 712 2446 751 ε
2549 682 2550 775 J

345 770 726 836 fortissimis
808 771 1204 856 legionibus,
1286 772 1569 835 maximo
1642 771 1941 853 equitatu
2016 770 2373 854 [peditatu]

349 856 736 943 Gallorum),
773 860 1031 943 quique,
1066 859 1196 923 nisi
1225 863 1376 923 ante
1404 860 1543 923 eius
1573 860 1921 923 adventum
1949 858 2045 923 rei
2069 859 2377 943 publicae

346 967 589 1030 poenas
662 946 942 1030 dederis,
1013 947 1126 1011 ille
1197 946 1393 1011 huius
1464 947 1622 1011 belli
1684 946 1851 1011 feret
1910 946 2376 1031 principatum.

350 1034 758 1121 Quamquam
805 1034 977 1099 enim
1025 1035 1237 1118 prima
1274 1034 1599 1119 praesidia
1633 1035 1905 1101 utiliora
1939 1034 2035 1098 rei
2069 1035 2377 1117 publicae

349 1128 529 1207 sunt,
601 1127 824 1187 tamen
897 1127 1188 1186 extrema
1261 1127 1415 1187 sunt
1486 1123 1794 1207 gratiora.
1905 1121 2032 1187 Sed
2103 1122 2241 1186 iam
2304 1144 2378 1187 se
2406 1148 2448 1186 ιο
2549 1134 2550 1175 l

349 1212 606 1296 colligit
653 1215 720 1276 et
766 1211 847 1275 ad
884 1215 1244 1275 extremum
1291 1210 1522 1295 incipit
1557 1210 2025 1294 philosophari.
2100 1209 2216 1275 ‘Si
2264 1231 2379 1276 me

348 1300 588 1363 rectis
629 1299 988 1363 sensibus
1017 1302 1326 1362 euntem
1354 1299 1433 1362 di
1462 1299 1971 1383 immortales,
2006 1301 2091 1362 ut
2118 1320 2380 1382 spero,

351 1387 826 1470 adiuverint,
907 1386 1158 1451 vivam
1239 1386 1596 1451 libenter.
1718 1384 1852 1450 Sin
1934 1390 2189 1451 autem
2264 1408 2378 1450 me

350 1475 561 1539 aliud
598 1473 845 1538 fatum
883 1478 1164 1557 manet,
1200 1473 1597 1557 praecipio
1636 1474 1923 1559 gaudia
1950 1473 2378 1557 supplicio-

350 1584 514 1627 rum
568 1566 1025 1626 vestrorum.
1123 1560 1497 1645 Namque,
1554 1562 1618 1625 si
1672 1562 1866 1627 victi
1921 1562 2379 1645 Pompeiani
2406 1586 2450 1625 ιε

352 1654 509 1714 tam
580 1649 1017 1715 insolentes
1093 1654 1299 1732 sunt,
1373 1650 1715 1715 victores
1790 1650 2059 1732 quales
2122 1648 2379 1713 futuri

353 1738 539 1820 sint,
603 1759 739 1803 vos
802 1738 1070 1821 potius
1136 1736 1683 1821 experiemini?
1783 1737 2157 1821 Praecipias
2220 1737 2379 1802 licet

353 1825 619 1911 gaudia3
689 1846 824 1889 non
900 1826 1074 1889 enim
1137 1825 1262 1889 tibi
1328 1848 1475 1889 cum
1539 1824 1982 1909 Pompeianis,
2055 1825 2168 1889 sed
2228 1846 2379 1889 cum

353 1914 656 1980 universa
709 1935 778 1978 re
824 1914 1088 1998 publica
1131 1913 1377 1979 bellum
1424 1917 1540 1978 est.
1634 1913 1874 1978 Omnes
1922 1918 1989 1978 te
2035 1912 2119 1996 di,
2172 1912 2380 1978 homi·

351 2024 495 2086 nes,
541 2002 806 2086 summi,
853 2002 1077 2086 medaii,
1123 2003 1359 2086 infimi,
1406 2003 1605 2084 cives,
1649 2001 2005 2086 peregrini,
2052 2001 2196 2085 viri,
2242 2023 2379 2065 mu·
2408 2025 2454 2065 πο

353 2091 571 2174 lieres,
644 2090 862 2174 liberi,
936 2090 1108 2154 servi
1181 2091 1472 2155 oderunt.
1584 2088 1915 2154 Sensimus
1988 2089 2113 2153 hoc
2171 2111 2381 2172 nuper

353 2178 523 2241 falso
591 2178 852 2260 nuntio,
923 2199 1076 2243 vero
1150 2179 1527 2262 propediem
1592 2178 1965 2242 sentiemus.
2075 2175 2257 2252 Quae
2324 2175 2382 2240 si

356 2269 576 2329 tecum
620 2265 761 2348 ipse
809 2266 1178 2348 recolueriS,
1225 2265 1525 2349 aequiore
1573 2266 1789 2330 animo
1838 2269 1903 2330 et
1949 2265 2197 2329 maiore
2235 2286 2381 2329 con-

269 2352 677 2417 46solatione
733 2353 1025 2417 moriere.
1119 2352 1498 2438 ‘Denique
1555 2375 1845 2418 summa
1897 2352 2177 2417 iudicii
2233 2352 2381 2416 mei

356 2443 665 2524 spectat
709 2440 881 2524 huc,
926 2444 1012 2504 ut
1057 2462 1397 2505 meorum
1442 2441 1779 2505 iniurias
1815 2439 2021 2504 ferre
2056 2441 2380 2524 possim,
2410 2464 2455 2504 25

357 2529 424 2592 si
479 2531 614 2591 aut
670 2527 1040 2592 oblivisci
1094 2529 1345 2592 velint
1389 2529 1543 2612 ipsi
1588 2528 1873 2593 fecisse
1920 2532 2054 2593 aut
2098 2528 2381 2592 ulcisci

354 2615 613 2699 parati
679 2619 859 2679 sunt
921 2637 1070 2680 una
1130 2617 1539 2681 nobiscum
1596 2613 1954 2681 Caesaris
2012 2615 2382 2680 mortem.'

355 2703 498 2768 Hac
543 2703 796 2768 Antoni
848 2704 1174 2768 sententia
1221 2705 1485 2790 cognita
1530 2705 2062 2769 dubitaturumne
2106 2703 2186 2768 A.
2235 2702 2385 2767 Hir-

355 2792 523 2855 tium
571 2795 686 2855 aut
733 2787 801 2854 G.
849 2791 1130 2856 Pansam
1177 2794 1474 2857 consules
1521 2792 1799 2875 putatis,
1846 2792 2005 2875 quin
2051 2791 2133 2855 ad
2178 2790 2386 2856 Anto·

353 2880 538 2944 nium
620 2883 984 2962 transeant,
1064 2879 1346 2944 Brutum
1429 2880 1795 2962 obsideant,
1877 2878 2203 2944 Mutinam
2282 2902 2387 2944 ex·
2412 2903 2458 2944 so

354 2987 647 3051 pugnare
705 2967 1014 3051 cupiant?
1107 2966 1276 3043 Quid
1332 2968 1410 3032 de
1455 2967 1669 3031 Pansa
1724 2971 1791 3032 et
1836 2967 2056 3032 Hirtio
2103 2967 2387 3050 loquor?

357 3050 624 3138 Caesar,
707 3054 1025 3140 singulari
1106 3054 1353 3138 pietate
1428 3055 1829 3140 adulescens,
1910 3055 2241 3139 poteritne
2315 3076 2388 3119 se

356 3145 604 3224 tenere,
661 3143 819 3225 quin
863 3141 944 3206 D.
989 3142 1180 3207 Bruti
1229 3143 1542 3227 sanguine
1588 3165 1831 3227 poenas
1876 3143 2126 3227 patrias
2172 3163 2389 3226 perse-

357 3229 641 3311 quatur?
741 3228 976 3312 Itaque
1039 3229 1335 3295 fecerunt
1354 3281 1371 3313 ,
1435 3235 1510 3294 ut
1568 3231 1672 3294 his
1737 3231 1982 3295 litteris
2045 3231 2237 3295 lectis
2304 3232 2389 3295 ad

354 3315 753 3380 munitiones
799 3317 1068 3401 propius
1107 3318 1503 3382 accederent.
1581 3316 1722 3393 Quo
1762 3319 1971 3383 maior
2007 3318 2389 3383 adulescens
2416 3341 2457 3382 ³5

356 3397 596 3463 Caesar
650 3403 1022 3486 maioreque
1079 3404 1346 3468 deorum
1400 3405 1875 3469 immortalium
1926 3405 2243 3470 beneficio
2290 3407 2390 3470 rei

355 3487 654 3566 publicae
707 3493 903 3553 natus
959 3494 1086 3570 est,
1143 3491 1257 3571 qui
1310 3491 1492 3554 nulla
1539 3493 1752 3575 specie
1798 3493 2055 3575 paterni
2099 3492 2389 3558 nominis
