2550 3875
392 136 479 202 54
977 135 1121 190 PRO
1157 135 1217 191 P.
1256 133 1506 190 SESTIO
1545 133 1832 190 ORATIO.

393 320 655 366 causam
700 320 929 383 meam,
975 301 1051 361 ut
1096 320 1221 362 vox
1266 297 1404 361 eius
1448 297 1564 360 illa
1603 296 1936 381 praeclara
1969 295 2262 360 lacrimis
2300 296 2412 359 im-

391 387 748 472 pediretur3
799 407 1007 469 neque
1052 390 1310 469 poetae,
1357 406 1634 468 quorum
1679 405 1802 469 ego
1849 405 2107 468 semper
2151 384 2413 469 ingenia

393 475 614 556 dilexi,
686 473 963 558 tempori
1027 494 1170 537 meo
1236 472 1604 558 defuerimt3
1675 494 1879 556 eaque
1942 473 2226 557 populus
2290 472 2413 536 Ro-

393 584 621 628 manus
665 584 801 628 non
845 561 1057 627 solum
1101 561 1353 645 plausu,
1398 561 1511 626 sed
1556 561 1755 625 etiam
1797 561 2048 645 gemitu
2085 581 2206 625 suo
2246 582 2413 624 com-

391 650 711 735 probavit.
803 648 1044 715 Utrum
1088 649 1294 734 igitur
1327 648 1490 714 haec
1523 648 1858 733 Aesopum
1893 648 2114 732 potius
2152 670 2275 731 pro
2313 670 2412 712 me
2456 664 2478 703 ⁵
2544 704 2546 717 .

394 741 507 803 aut
545 738 817 804 Accium
857 738 1068 803 dicere
1107 736 1418 821 oportuit,
1463 737 1520 801 si
1556 737 1835 820 populus
1872 736 2211 801 Romanus
2248 736 2416 801 liber

393 831 584 911 esset,
636 848 720 891 an
763 826 1085 911 principes
1131 825 1466 889 civitatis?
1553 822 1962 888 Nominatim
2009 844 2158 888 sum
2196 825 2414 909 appel-

392 915 566 979 latus
612 915 682 979 in
724 913 961 979 Bruto:

428 1037 760 1122 Tullius,
808 1038 938 1121 qui
983 1034 1442 1101 libertatem
1488 1034 1789 1101 civibus
1835 1032 2375 1100 stabiliverat.

392 1178 653 1243 Miliens
711 1181 1118 1242 revocatum
1142 1181 1259 1241 est.
1360 1174 1681 1241 Parumne
1734 1176 2079 1240 videbatur
2131 1176 2416 1260 populus
2441 1202 2483 1240 10

391 1266 725 1331 Romanus
779 1266 1063 1329 iudicare
1116 1266 1184 1329 id
1241 1286 1281 1327 a
1333 1286 1436 1328 me
1492 1268 1558 1328 et
1614 1286 1653 1327 a
1706 1266 1936 1329 senatu
1987 1284 2128 1327 esse
2179 1264 2418 1328 consti-

266 1369 275 1378 ’
394 1358 638 1438 tutum,
689 1354 863 1439 quod
907 1352 1148 1437 perditi
1194 1353 1368 1417 cives
1414 1351 1743 1416 sublatum
1788 1373 1906 1435 per
1948 1371 2071 1415 nos
2117 1352 2420 1415 crimina-

272 1456 373 1505 124
392 1443 676 1507 bantur?
765 1441 1123 1507 Maximum
1157 1462 1311 1505 vero
1350 1439 1575 1525 populi
1612 1436 1893 1504 Romani
1928 1438 2246 1503 iudicium
2284 1439 2419 1503 uni-

392 1530 563 1594 versi
610 1550 915 1594 consessu
960 1528 1351 1614 gladiatorio
1395 1528 1793 1593 declaratum
1828 1530 1947 1591 est.
2036 1525 2208 1590 Erat
2247 1528 2419 1591 enim

392 1639 626 1682 munus
666 1616 988 1701 Scipionis
1033 1618 1303 1703 dignum
1349 1620 1416 1680 et
1457 1638 1532 1680 eo
1569 1616 1713 1700 ipso
1752 1619 1820 1679 et
1855 1614 1970 1679 illo
2010 1613 2086 1690 Q.
2123 1613 2418 1698 Metelle,
2442 1637 2482 1679 1⁵

396 1706 500 1770 cui
552 1705 846 1770 dabatur.
941 1703 1019 1769 Id
1074 1708 1292 1769 autem
1348 1703 1702 1789 spectaculi
1756 1723 1960 1788 genus
2015 1706 2188 1786 erat,
2249 1666 2420 1787 quod

395 1793 571 1857 omni
614 1792 983 1876 frequentia
1027 1798 1223 1877 atque
1270 1792 1448 1857 omni
1490 1812 1723 1877 genere
1757 1791 2096 1855 hominum
2136 1792 2420 1856 celebra-

394 1886 520 1966 tur,
567 1901 695 1965 quo
742 1881 1094 1946 multitudo
1140 1880 1419 1946 maxime
1465 1880 1842 1945 delectatur.
1932 1876 2011 1944 In
2050 1878 2233 1945 hunc
2273 1901 2417 1945 con-

394 1992 643 2034 sessum
671 1968 741 2035 P.
768 1969 1018 2035 Sestius
1063 1969 1365 2034 tribunus
1410 1969 1517 2052 pL,
1563 1990 1710 2032 cum
1755 1971 1981 2053 ageret
2022 1967 2195 2032 nihil
2243 1968 2419 2033 aliud

392 2059 463 2122 in
499 2080 574 2124 eo
611 2059 1004 2144 magistratu
1038 2057 1166 2121 nisi
1203 2079 1417 2121 meam
1454 2078 1732 2141 causam,
1767 2056 1947 2120 venit
1975 2060 2041 2120 et
2070 2077 2139 2119 se
2146 2057 2416 2157 populo
2440 2081 2481 2119 ιο

392 2147 569 2210 dedit
603 2168 736 2211 non
771 2145 1037 2230 plausus
1074 2145 1448 2229 cupiditate,
1491 2145 1602 2209 sed
1638 2147 1714 2208 ut
1748 2144 1877 2229 ipsi
1913 2143 2167 2208 inimici
2201 2145 2418 2209 nostri

392 2234 797 2299 voluntatem
841 2233 1126 2297 universi
1169 2233 1398 2317 populi
1432 2232 1740 2297 viderent.
1829 2231 2049 2316 Venit,
2093 2235 2176 2295 ut
2212 2233 2417 2314 scitis,

395 2344 433 2384 a
488 2322 789 2386 columna
840 2321 1112 2387 Maenia.
1211 2320 1460 2384 Tantus
1517 2325 1616 2384 est
1672 2342 1751 2385 ex
1807 2283 2106 2385 omnibiis
2166 2325 2418 2404 specta·

394 2410 556 2474 culis
601 2430 805 2493 usque
852 2431 892 2473 a
935 2408 1279 2493 Capitolio,
1327 2413 1550 2472 tantus
1598 2430 1676 2472 ex
1720 2407 1850 2472 fori
1892 2408 2199 2473 cancellis
2237 2409 2417 2492 plau-

392 2518 503 2562 sus
549 2497 888 2581 excitatus,
931 2501 1007 2560 ut
1048 2519 1402 2597 numquam
1449 2496 1658 2561 maior
1702 2496 2039 2561 consensio
2081 2501 2200 2559 aut
2238 2518 2415 2580 aper·
2439 2519 2482 2559 25

392 2584 524 2650 tior
549 2585 776 2670 populi
794 2585 1074 2649 Romani
1092 2585 1377 2649 universi
1397 2584 1598 2649 fuisse
1616 2584 1790 2648 ulla'
1770 2606 1842 2648 m
1859 2605 2054 2649 causa
2071 2583 2416 2648 diceretur.

272 2686 373 2737 125
392 2673 526 2738 Ubi
573 2677 757 2738 erant
802 2677 946 2737 tum
989 2672 1089 2737 illi
1129 2673 1506 2737 contionum
1542 2672 2001 2755 moderatoreS,
2045 2671 2275 2756 legum
2313 2673 2418 2737 do-

391 2761 576 2846 mini,
631 2762 869 2826 civium
919 2761 1339 2845 expulsores?
1393 2761 1641 2825 aliusne
1687 2764 1790 2825 est
1835 2759 2070 2843 aliquis
2092 2759 2416 2861 inprobis

392 2849 641 2914 civibus
698 2849 1045 2933 peculiaris
1098 2849 1406 2933 populuS,
1472 2849 1576 2913 cui
1626 2869 1748 2914 nos
1806 2847 2035 2912 offensi
2087 2847 2416 2933 invisique

283 2939 371 3004 59
392 2938 749 3002 fuerimus?
864 2937 1187 3022 Equidem
1260 2937 1560 3001 existimo
1626 2937 1881 3001 nullum
1944 2939 2206 3019 tempus
2275 2957 2414 3001 esse
2437 2961 2483 2999 ao

389 3025 849 3109 frequentioris
911 3024 1138 3110 populi
1204 3046 1397 3108 quam
1461 3024 1623 3088 illud
1682 3024 2147 3110 gladiatorium
2203 3045 2415 3108 neque

392 3112 714 3178 contionis
751 3112 949 3177 ullius
984 3135 1194 3197 neque
1230 3134 1384 3177 vero
1413 3113 1698 3177 ullorum
1727 3112 2157 3178 comitiorum.
2231 3111 2416 3176 Haec

389 3200 595 3283 igitur
638 3201 1130 3265 innumerabilis
1174 3200 1515 3265 hominum
1559 3201 1929 3285 multitudo,
1976 3200 2137 3264 haec
2182 3200 2416 3300 populi

390 3285 671 3351 Romani
714 3291 903 3352 tanta
947 3289 1339 3373 significatio
1387 3289 1524 3352 sine
1567 3289 1706 3353 ulla
1749 3289 2063 3353 varietate
2103 3288 2414 3370 universi,

272 3453 274 3455 ι
393 3395 540 3436 cum
583 3374 716 3438 illis
762 3376 923 3460 ipsis
961 3376 1186 3440 diebus
1224 3376 1303 3440 de
1339 3397 1442 3441 me
1481 3381 1701 3442 actum
1737 3376 1820 3440 iri
1854 3379 2216 3460 putaretur,
2256 3376 2412 3461 quid
2436 3398 2482 3440 ³5

386 3459 743 3525 declaravit
801 3463 927 3527 nisi
983 3467 1398 3546 optumorum
1455 3465 1694 3531 civium
1747 3465 2025 3528 salutem
2078 3467 2149 3528 et
2202 3464 2414 3551 digni-
