2550 3875
860 152 1018 208 ΟΔΡ.
1053 158 1227 208 8-11
1266 159 1298 219 5
1333 159 1562 210 20-25,
2138 156 2222 219 91

207 310 684 397 Neapolitanis,
719 312 798 378 de
825 312 1417 379 Alexandrinorum
1450 314 1820 399 pulsatione
1847 313 2229 399 Puteolana,

207 400 287 466 de
323 400 514 465 bonis
541 400 782 465 Pallae.
854 400 1110 468 Vellem
1148 402 1397 468 dictum
1431 407 1609 469 esset
1642 404 1727 468 ab
1766 403 1991 469 eodem
2026 404 2227 469 etiam

207 490 288 553 de
315 486 544 554 Dione.
598 487 698 555 De
728 509 856 574 quo
883 489 1029 574 ipso
1057 493 1281 555 tamen
1309 490 1465 575 quid
1490 494 1595 557 est
1620 491 1795 575 quod
1824 490 2227 575 expectetis?

209 577 384 660 quod
437 575 521 661 is,
576 577 690 661 qui
732 577 917 660 fecit,
971 582 1086 643 aut
1129 600 1264 644 non
1308 579 1503 643 timet
1545 582 1663 643 aut
1707 578 1909 645 etiam
1952 578 2228 663 fatetur3

151 681 178 721 5
208 668 312 729 est
366 664 538 730 enim
583 686 723 749 rex;
777 666 890 748 qui
935 669 1157 731 autem
1202 666 1416 732 dictus
1463 670 1565 733 est
1609 666 1870 731 adiutor
1911 666 2115 733 fuisse
2160 670 2230 732 et

209 753 528 838 consciae,
564 752 636 818 P.
664 752 944 837 Asicius,
979 753 1220 819 iudicio
1257 759 1361 819 est
1396 754 1731 819 liberatus.
1799 753 1988 832 Quod
2022 754 2229 840 igitur

208 845 312 907 est
367 840 506 907 eius
561 841 738 907 modi
783 841 1056 926 crimen,
1109 845 1211 926 ut,
1265 842 1381 926 qui
1426 842 1782 926 commisit,
1834 864 1971 908 non
2012 846 2229 927 neget,

209 929 323 1015 qui
355 928 641 1015 negavit,
688 929 1029 995 absolutus
1066 930 1172 1014 sit,
1217 929 1287 995 id
1320 930 1429 996 hic
1463 930 1902 1015 pertimescat,
1948 930 2061 1015 qui
2095 952 2231 996 non

207 1017 404 1082 modo
450 1039 491 1083 a
533 1016 722 1101 facti,-
774 1039 999 1082 verum
1045 1018 1248 1083 etiam
1292 1040 1333 1083 a
1380 1018 1813 1085 conscientiae
1858 1017 2229 1103 suspicione

123 1120 181 1161 ιθ
207 1104 422 1169 afuit?
529 1105 646 1187 Et,
710 1103 769 1170 si
831 1106 1056 1171 Asicio
1119 1108 1189 1170 in
1251 1128 1449 1171 causa
1508 1106 1657 1191 plus
1719 1104 1971 1190 profuit
2032 1128 2230 1191 quam

205 1193 437 1259 nocuit
506 1193 776 1277 invidia,
846 1193 998 1259 huic
1073 1194 1287 1261 oberit
1350 1197 1537 1259 tuum
1600 1193 2045 1277 maledictum,
2118 1194 2230 1278 qui

205 1281 404 1347 istius
474 1281 636 1346 facti
705 1301 840 1346 non
910 1281 1103 1347 modo
1167 1282 1564 1367 suspicione,
1636 1281 1753 1347 sed
1812 1303 1895 1347 ne
1958 1281 2231 1347 infamia

208 1368 472 1454 quidem
517 1375 620 1434 est
663 1369 1009 1453 aspersus?
1099 1368 1196 1435 At
1237 1369 1792 1454 praevaricatione
1828 1373 1933 1435 est
1966 1368 2229 1435 Asicius
2248 1380 2315 1427 24

206 1458 545 1523 liberatus.
652 1455 970 1523 Perfacile
1034 1461 1137 1522 est
1197 1458 1313 1522 isti
1374 1457 1521 1523 loco
1584 1457 2001 1541 respondere,
2066 1457 2229 1522 mihi

121 1562 180 1603 15
207 1546 617 1631 praesertim,
661 1567 703 1609 a
747 1566 874 1630 quo
911 1545 1027 1610 illa
1064 1568 1261 1611 causa
1296 1545 1561 1611 defensa
1594 1550 1713 1611 est.
1807 1542 1934 1611 Sed
1972 1544 2231 1611 Caelius

209 1634 532 1719 optimam
605 1654 866 1699 causam
929 1632 1113 1699 Asici
1178 1655 1319 1699 esse
1382 1634 1768 1717 arbitratur3
1842 1633 2231 1699 cuicuimodi

209 1725 436 1786 autem
491 1722 608 1805 sit,
663 1743 704 1786 a
757 1742 877 1787 sua
919 1726 1114 1805 putat
1159 1722 1297 1787 eius
1344 1742 1485 1787 esse
1531 1721 1913 1787 seiunctam.
2001 1719 2230 1806 Neque

211 1810 428 1875 solum
483 1808 768 1894 Caelius,
832 1810 945 1875 sed
999 1810 1201 1875 etiam
1255 1810 1707 1875 adulescentes
1754 1808 2233 1875 humanissumi

212 1900 284 1964 et
328 1897 728 1982 doctissumi,
772 1898 1176 1965 rectissumis
1223 1897 1459 1964 studiis
1504 1900 1700 1982 atque
1746 1896 2032 1998 optumis
2080 1896 2233 1962 arti·

122 2004 183 2046 20
213 1987 338 2051 bus
372 1986 678 2087 praediti,
722 1986 911 2051 Titus
951 1985 1281 2071 Gaiusque
1318 1985 1614 2070 Coponii,
1644 1986 1772 2087 ‘qui
1814 2007 1893 2050 ex
1929 1985 2231 2051 omnibus

211 2074 496 2140 maxime
533 2072 767 2140 Dionis
812 2079 1093 2140 mortem
1138 2075 1504 2158 doluenmt,
1550 2073 1663 2158 qui
1708 2095 1857 2138 cum
1900 2073 2233 2138 doctrinae

211 2161 434 2228 studio
480 2165 676 2246 atque
720 2162 1180 2247 humanitatis,
1225 2167 1370 2227 tum
1418 2125 1617 2226 etiam
1660 2161 1951 2245 hospitio
1998 2159 2233 2225 Dionis

211 2250 623 2316 tenebantur.
668 2250 1081 2315 Habitabat
1063 2272 1120 2316 is
1150 2250 1321 2335 apud
1347 2248 1421 2315 L.
1440 2248 1809 2331 Lucceium,
1835 2252 1913 2314 ut
1940 2248 2233 2314 audistis.

210 2338 462 2404 Fuerat
523 2338 583 2402 ei
647 2338 952 2424 cognitus
1008 2338 1457 2404 Alexandriae.
1558 2336 1729 2413 Quid
1785 2341 1899 2401 aut
1954 2336 2063 2403 hic
2120 2340 2235 2400 aut

120 2445 184 2485 25
213 2448 474 2492 summo
532 2426 873 2527 splendore
926 2427 1260 2510 praeditus
1314 2425 1522 2491 frater
1568 2425 1706 2490 eius
1753 2425 1832 2490 de
1876 2423 1965 2489 M.
2013 2423 2235 2490 Caelio

213 2514 566 2599 existimet,
611 2536 690 2580 ex
734 2513 915 2598 ipsis,
959 2514 1018 2579 si
1060 2514 1364 2598 producti
1409 2516 1617 2596 erunt,
1664 2512 1960 2578 audietis.
2052 2511 2233 2596 Ergo
2254 2522 2324 2570 25

211 2604 379 2668 haec
405 2607 878 2687 removeantur,
905 2605 981 2667 ut
1007 2601 1419 2686 aliquando,
1400 2624 1471 2666 m
1498 2601 1737 2685 quibus
1766 2621 1965 2666 causa
1981 2599 2237 2682 nititur,

214 2690 302 2756 ad
347 2712 426 2756 ea
467 2691 819 2755 veniamus.

351 2777 804 2844 Animadverti
857 2778 1058 2862 enim,
1110 2776 1381 2861 iudices,
1435 2776 1647 2842 audiri
1690 2798 1733 2842 a
1776 2775 1963 2842 vobis
2010 2797 2227 2841 meum

115 2884 188 2927 so
214 2865 634 2950 familiarem,
685 2864 760 2930 L.
813 2865 1240 2948 Herennium,
1294 2868 1681 2950 perattente.
1781 2862 1861 2929 In
1916 2883 2044 2947 quo
2100 2863 2227 2928 etsi

215 2975 460 3040 magna
495 2976 575 3020 ex
607 2958 796 3039 parte
832 2953 1094 3040 ingenio
1132 2953 1270 3018 eius
1310 2956 1377 3018 et
1414 2952 1667 3018 dicendi
1693 2973 1927 3037 genere
1956 2950 2240 3034 quodam

217 3041 646 3126 tenebamini,
719 3045 941 3107 tamen
999 3063 1134 3107 non
1195 3062 1553 3125 numquam
1615 3039 1914 3122 verebar,
1976 3059 2059 3103 ne
2123 3036 2241 3102 illa

219 3130 556 3216 suptiliter
609 3130 691 3194 ad
745 3130 1217 3195 criminandum
1269 3128 1536 3194 inducta
1593 3126 1803 3192 oratio
1861 3126 1943 3189 ad
1986 3125 2240 3190 animos
2260 3151 2275 3167 ·

217 3222 476 3285 vestros
513 3218 756 3282 sensim
793 3239 868 3284 ac
903 3217 1140 3282 leniter
1175 3217 1513 3282 accideret.
1594 3213 1783 3280 Dixit
1820 3213 1994 3278 enim
2030 3212 2241 3278 multa

111 3324 190 3370 35
219 3307 299 3372 de
351 3305 634 3390 luxurie,
687 3305 900 3371 multa
944 3306 1022 3370 de
1067 3305 1365 3389 libidine,
1418 3303 1629 3403 multa
1674 3301 1752 3366 de
1798 3300 1977 3367 vitiis
2023 3301 2240 3365 iuven-

219 3395 412 3479 tutis,
457 3393 668 3458 multa
710 3394 789 3459 de
835 3394 1128 3460 moribus
1173 3396 1258 3477 et,
1294 3391 1418 3476 qui
1464 3390 1536 3455 111
1578 3389 1830 3474 reliqua
1873 3389 2011 3453 vita
2056 3387 2238 3452 mitis

220 3486 395 3550 esset
441 3486 509 3548 et
552 3482 623 3547 in
665 3482 789 3550 hac
835 3482 1158 3548 suavitate
1202 3443 1655 3563 h’umanitatis,
1702 3499 1832 3562 qua
1865 3498 2069 3561 prope
2106 3476 2239 3540 iam

2263 2741 2339 2803 11

2208 2827 2344 2893 .(25)
