2550 3875
879 184 1032 239 CAP.
1074 191 1248 238 9-12
1286 192 1317 250 <5
1354 191 1582 240 24—29.
2086 184 2217 248 213

169 349 252 411 ut
285 347 626 430 haberent,
664 367 860 430 quem
887 347 1289 430 reducerent,
1327 347 1747 429 conservarit,
1782 345 2022 411 honori
2048 345 2218 410 hanc

177 435 410 518 fidem,
456 434 999 516 misericordiam,
1044 435 1361 498 virtutem
1405 432 1609 499 fuisse
1656 433 1963 499 miraris?
2246 478 2320 540 11

317 522 508 589 Vitia
543 523 912 587 mehercule
951 520 1066 587 Cn.
1093 521 1323 586 Planci
1360 543 1464 586 res
1503 544 1635 606 eae,
1673 523 1750 586 de
1789 522 2028 606 quibus
2067 521 2219 605 dixi,
2238 568 2305 615 2⁷

179 617 411 697 tegere
456 614 832 695 potuerunt,
877 632 958 676 ne
1001 615 1076 674 tu
1111 610 1183 673 in
1221 631 1299 675 ea
1333 610 1489 693 vita,
1535 611 1613 675 de
1652 631 1782 694 qua
1818 611 1952 674 iam
1990 609 2219 692 dicam,

115 725 148 765 5
181 704 292 765 tot
329 703 398 764 et
433 703 624 764 tanta
661 699 1037 764 adiumenta
1070 698 1225 763 huic
1260 698 1500 763 honori
1534 698 1739 763 fuisse
1775 699 2032 762 mirere.
2090 697 2219 762 Hic

181 791 287 853 est
341 786 545 871 enim,
602 787 716 870 qui
771 787 1299 852 adulescentulus
1355 807 1505 851 cum
1556 786 1636 850 A.
1680 786 2019 870 Torquato
2073 808 2220 870 pro-

177 875 396 942 fectus
434 876 506 941 in
542 874 838 940 Africam
877 875 972 940 sic
1009 875 1092 940 ab
1130 874 1246 938 illo
1283 874 1675 960 gravissimo
1705 878 1774 938 et
1802 874 2218 939 sanctissimo

181 968 384 1047 atque
442 963 622 1028 omni
667 962 858 1028 laude
906 966 975 1027 et
1016 963 1267 1028 honore
1314 963 1704 1048 dignissimo
1751 963 1893 1028 viro
1941 962 2218 1027 dilectus

183 1056 309 1136 est,
343 1054 422 1116 ut
458 1055 527 1116 et
560 1051 975 1116 contubernii
1000 1052 1418 1116 necessitudo
1447 1056 1515 1116 et
1543 1051 1977 1116 adulescentis
2007 1051 2220 1115 mode·

88 1165 150 1203 10
183 1139 468 1205 stissimi
505 1138 718 1223 pudor
752 1140 1153 1224 postulabat,
1193 1140 1386 1223 quod,
1424 1139 1480 1204 si
1518 1140 1798 1223 adesset,
1832 1160 1970 1204 non
2004 1138 2220 1202 minus

186 1229 298 1293 ille
336 1227 699 1292 declararet
737 1248 934 1311 quam
969 1227 1080 1292 hic
1116 1228 1297 1292 illius
1334 1227 1542 1292 frater
1572 1227 1892 1311 patruelis
1922 1231 1990 1291 et
2019 1248 2222 1310 socer,

180 1316 256 1381 Τ.
294 1315 698 1400 Torquatus,
754 1316 934 1380 omni
987 1315 1088 1380 illi
1143 1319 1212 1380 et
1262 1315 1508 1380 virtute
1555 1319 1624 1380 et
1668 1315 1858 1380 laude
1904 1337 2053 1399 par,
2109 1315 2222 1398 qui

182 1409 291 1470 est
340 1404 604 1488 quidem
648 1425 797 1468 cum
831 1404 949 1468 illo
987 1404 1293 1468 maximis
1330 1404 1561 1469 vinclis
1601 1407 1669 1468 et
1702 1402 2219 1487 propinquitatis

183 1497 256 1556 et
311 1491 662 1557 affinitatis
716 1493 1131 1575 coniunctus,
1187 1493 1300 1556 sed
1356 1493 1454 1557 ita
1508 1493 1767 1577 magnis
1820 1492 2093 1574 amoris,
2145 1495 2223 1555 ut

91 1581 342 1646 1511188
387 1579 889 1645 necessitudinis
937 1602 1170 1645 causae
1215 1581 1390 1646 leves
1438 1602 1580 1645 esse
1628 1581 1989 1644 videantur.
2065 1577 2224 1643 Fuit

182 1670 256 1734 in
295 1666 495 1734 Creta
529 1672 763 1751 postea
800 1669 1287 1734 contubernalis
1320 1667 1675 1752 Saturnini,
1711 1667 2065 1753 propinqui
2102 1667 2223 1750 sui,

183 1756 378 1821 miles
423 1756 619 1821 huius
667 1755 744 1833 Q.
789 1755 1071 1842 Metelli3
1121 1757 1227 1822 cui
1273 1779 1424 1822 cum
1468 1755 1670 1821 fuerit
1713 1756 2223 1840 probatissimus

183 1845 512 1928 hodieque
553 1843 660 1928 sit,
699 1845 1002 1909 omnibus
1040 1867 1182 1910 esse
1220 1867 1291 1910 se
1327 1845 1680 1930 probatum
1718 1845 1913 1910 debet
1942 1866 2223 1929 sperare.

184 1933 271 1999 In
316 1956 394 1999 ea
437 1933 777 2017 provincia
819 1933 1079 2020 legatus
1124 1933 1255 1999 fuit
1294 1932 1362 2001 O.
1404 1931 1738 2018 Sacerdos,
1787 1956 1917 2017 qua
1959 1932 2226 2017 virtute,

95 2047 158 2086 20
188 2044 322 2107 qua
369 2023 743 2088 constantia
786 2023 914 2087 vir!
970 2022 1043 2087 L.
1089 2022 1394 2106 Flaccus,
1441 2024 1554 2107 qui
1599 2023 1827 2105 homo,
1874 2022 1989 2106 qui
2035 2021 2224 2087 civis!

185 2112 300 2193 qui
363 2110 626 2193 qualem
688 2112 863 2175 hunc
925 2114 1188 2195 putent,
1257 2111 1646 2176 assiduitate
1711 2110 2225 2194 testimonioque

187 2198 545 2264 declarant.
644 2197 726 2263 In
778 2198 1164 2265 Macedonia
1224 2200 1531 2264 tribunus
1594 2198 1882 2264 militum
1935 2196 2091 2282 fuit,
2154 2198 2224 2262 in
2244 2216 2314 2265 28

188 2286 420 2352 eadem
463 2287 804 2371 provincia
837 2291 1070 2371 postea
1106 2292 1434 2371 quaestor.
1507 2287 1806 2351 Primum
1842 2285 2226 2351 Macedonia

189 2376 287 2440 sic
353 2396 502 2439 eum
567 2375 814 2460 diligit,
875 2379 954 2439 ut
1017 2376 1309 2440 indicant
1367 2376 1441 2441 hi
1493 2376 1823 2459 principes
1881 2374 2225 2440 civitatum

97 2486 158 2529 25
189 2484 490 2547 suarum3
535 2463 650 2546 qui
695 2485 845 2529 cum
890 2464 1078 2528 missi
1123 2464 1260 2529 sint
1306 2465 1391 2529 ob
1439 2463 1637 2529 aliam
1674 2485 1957 2548 causam,
2002 2467 2228 2527 tamen

186 2552 388 2616 huius
443 2551 785 2635 repentino
832 2552 1122 2636 periculo
1169 2552 1488 2617 commoti
1530 2552 1685 2617 huic
1731 2552 2049 2636 assident,
2103 2573 2225 2636 pro

185 2641 316 2705 1100
363 2639 691 2723 laborant,
733 2639 887 2705 huic
933 2640 992 2705 si
1036 2645 1303 2725 praesto
1348 2640 1611 2721 fuerint,
1658 2640 1913 2726 gratius
1962 2661 2032 2703 se
2076 2640 2228 2704 civi-

186 2728 446 2793 tatibus
484 2727 620 2791 suis
657 2727 950 2793 facturos
986 2732 1243 2813 putant,
1281 2750 1479 2813 quam
1516 2729 1575 2792 si
1609 2729 2010 2814 legationem
2040 2749 2227 2791 suam

187 2820 259 2881 et
303 2816 618 2880 mandata
661 2815 1078 2881 confecerint.
1149 2817 1222 2882 L.
1267 2838 1423 2882 vero
1467 2816 1787 2901 Apuleius
1832 2816 2006 2881 hunc
2052 2816 2227 2879 tanti

99 2928 162 2971 ao
188 2903 381 2987 facit,
443 2908 523 2967 ut
576 2925 828 2970 morem
880 2905 1069 2969 illum
1125 2905 1476 2990 maiorum,
1507 2918 1512 2926 ·
1543 2905 1657 2989 (1111
1709 2903 2102 2988 praescribit
2157 2902 2228 2965 in

186 2996 541 3077 parentum
587 2991 734 3057 loco
782 2993 1241 3076 quaestoribus
1292 2994 1428 3058 suis
1473 2997 1814 3077 praetores
1860 3012 2001 3055 esse
2040 3012 2228 3075 opor-

185 3084 359 3165 tere,
416 3079 654 3145 officiis
709 3081 1281 3165 benivolentiaque
1329 3081 1674 3165 superarit.
1763 3080 2093 3144 Tribunus
2139 3078 2227 3161 pl.

186 3168 320 3233 fuit
373 3189 511 3233 non
561 3167 846 3234 fortasse
901 3172 1041 3233 tam
1095 3170 1445 3235 vehemens
1499 3191 1696 3254 quam
1740 3168 1883 3251 isti,
1942 3188 2105 3251 quos
2153 3169 2228 3230 tu

187 3257 333 3322 iure
380 3255 639 3340 laudas,
695 3257 808 3321 sed
856 3261 1032 3322 certe
1077 3258 1261 3342 talis,
1317 3258 1545 3342 quales
1592 3257 1651 3320 si
1698 3277 1922 3321 omnes
1971 3276 2229 3338 semper

102 3368 159 3411 ³5
185 3344 493 3428 fuissent,
518 3366 878 3429 numquam
906 3345 1312 3411 desideratus
1340 3346 1690 3411 vehemens
1710 3348 1886 3408 esset
1906 3344 2228 3407 tribunus.

323 3430 582 3498 Omitto
619 3432 755 3517 illa,
793 3454 958 3517 quae
997 3434 1054 3497 si
1091 3436 1308 3498 minus
1345 3434 1417 3499 in
1452 3454 1689 3498 scaena
1726 3436 1898 3515 sunt,
1936 3435 2008 3496 at
2035 3435 2230 3514 certe,

185 3543 341 3586 cum
370 3525 528 3585 sunt
552 3520 835 3606 prolata,
872 3522 1239 3604 laudantur,
1266 3527 1345 3586 ut
1372 3522 1552 3587 vivat
1581 3542 1731 3585 cum
1760 3521 1915 3601 suis,
1941 3519 2230 3602 primum

2254 3392 2338 3459 12

2251 3486 2318 3533 29
