2550 3875
323 172 459 238 250
887 165 1034 222 PRO
1071 167 1146 222 M.
1185 164 1470 222 SCAURO
1508 162 1794 220 ORATIO.

237 345 304 396 ιδ
325 334 519 398 iudex
582 332 724 416 ipse
788 351 906 414 per
961 351 1050 394 se.
1146 326 1379 412 Neque
1434 349 1615 412 vero,
1677 327 1952 412 iudices,
2015 326 2374 411 quicquam

325 421 504 486 aliud
560 419 633 484 in
685 419 916 503 ignoto
970 419 1138 482 teste
1192 416 1407 481 facere
1463 413 1800 500 debemus,
1860 415 1992 481 nisi
2045 418 2122 479 ut
2178 435 2371 500 argu-

324 512 566 592 ment0,
604 506 997 589 coniectura,
1034 505 1405 590 suspicione
1442 525 1659 569 rerum
1695 503 1989 588 ipsarum
2020 503 2155 567 vim
2180 507 2373 568 natu-

323 618 596 680 ramque
661 615 1068 678 quaeramus.
1168 592 1434 657 Etenim
1497 593 1689 658 testis
1751 614 1887 660 non
1948 590 2143 656 modo
2205 590 2371 655 Afer

325 689 441 750 aut
493 683 736 748 Sardus
785 703 968 766 sane,
1023 681 1081 746 si
1124 680 1223 745 ita
1268 702 1337 745 se
1384 681 1499 745 isti
1544 680 1801 744 malunt
1842 679 2196 763 nominari,
2254 679 2370 743 sed
2428 704 2457 744 ε

327 773 540 858 quivis
587 771 790 836 etiam
828 768 1192 856 elegantior
1229 790 1306 833 ac
1341 768 1715 854 religiosior
1748 767 1995 854 inpelli,
2030 768 2372 851 deterreri,

323 861 516 947 fingi,
569 858 748 924 flecti
792 861 1045 943 potest;
1097 856 1400 922 dominus
1447 861 1551 920 est
1595 857 1737 941 ipse
1781 856 2143 922 voluntatis
2192 877 2373 940 suae,

240 962 306 1010 16
325 950 399 1014 in
456 969 584 1033 quo
633 950 735 1011 est
780 945 1082 1030 inpunita
1117 945 1475 1009 mentiendi
1510 944 1795 1010 licentia.
1878 944 2371 1030 Argumentum

323 1059 497 1120 ver0,
534 1035 710 1120 quod
746 1034 1010 1118 quidem
1046 1037 1148 1098 est
1182 1032 1524 1116 proprium
1560 1033 1658 1098 rei
1686 1030 1924 1119 (neque
1952 1033 2128 1098 enim
2155 1031 2371 1096 ullum

323 1125 502 1190 aliud
548 1125 1009 1209 argumentum
1054 1143 1204 1186 vere
1249 1121 1473 1186 vocari
1506 1119 1775 1208 potest),
1821 1143 2041 1186 rerum
2077 1142 2204 1188 vox
2244 1125 2369 1204 est,
2398 1147 2456 1185 ιο

322 1218 596 1278 naturae
642 1210 1018 1296 vestigium,
1063 1209 1363 1274 veritatis
1398 1213 1588 1294 nota3
1632 1210 1700 1275 id
1738 1209 2207 1294 qualecumque
2247 1212 2371 1293 est,

324 1303 589 1366 maneat
633 1297 1024 1363 inmutabile
1069 1318 1336 1362 necesse
1385 1300 1514 1382 est3
1556 1320 1693 1363 non
1738 1298 1915 1362 enim
1959 1297 2235 1383 fingitur
2280 1296 2367 1360 ab

325 1393 604 1471 oratore,
643 1387 755 1452 sed
793 1385 1092 1451 sumitur.
1158 1385 1392 1470 Quare,
1428 1385 1499 1450 in
1536 1407 1612 1450 eo
1650 1406 1887 1471 genere
1926 1384 2367 1450 accusationis

325 1478 383 1542 si
426 1477 745 1558 vincerer,
804 1474 1299 1539 succumberem
1351 1478 1418 1538 et
1474 1474 1795 1559 cederem3
1848 1473 2142 1538 vincerer
2188 1473 2369 1538 enim

237 1585 304 1633 17
325 1587 416 1648 re,
460 1563 756 1628 vincerer
802 1583 1016 1646 causa,
1061 1562 1356 1626 vincerer
1400 1562 1695 1627 veritate.
1773 1562 2033 1648 Agmen
2076 1566 2155 1626 tu
2200 1561 2368 1626 mihi
2398 1586 2453 1626 15

325 1652 595 1718 inducas
644 1648 1001 1716 Sardorum
1055 1654 1122 1715 et
1178 1654 1475 1715 catervas
1532 1654 1599 1714 et
1649 1673 1752 1715 me
1796 1672 1933 1715 non
1978 1649 2369 1716 criminibus

321 1760 586 1825 urgere,
652 1739 765 1803 sed
828 1737 1143 1803 Afrorum
1205 1737 1477 1802 fremitu
1530 1741 1774 1804 terrere
1831 1739 2108 1803 conere‘?
2209 1737 2371 1803 Non

321 1833 556 1913 potero
623 1826 924 1910 equidem
989 1826 1353 1910 disputare,
1416 1826 1529 1892 sed
1594 1827 1675 1891 ad
1733 1827 1971 1891 horum
2034 1827 2234 1892 fidem
2297 1831 2369 1891 et

323 1915 890 1983 mansuetudinem
945 1914 1323 2001 confugere,
1376 1915 1460 1981 ad
1513 1915 1614 1980 ius
1668 1915 2014 1981 iurandum
2068 1917 2367 1996 iudicum,

319 2008 409 2071 ad
458 2004 688 2089 populi
733 2003 1018 2069 Romani
1074 2004 1501 2088 aequitatem,
1558 2004 1670 2088 qui
1714 2004 1884 2069 hanc
1929 2003 2251 2069 familiam
2296 2004 2369 2069 in
2396 2031 2451 2069 20

320 2094 447 2159 hac
491 2093 653 2157 urbe
699 2091 1065 2177 principem
1107 2092 1321 2156 voluit
1367 2114 1525 2176 esse,
1571 2092 1841 2157 deorum
1885 2092 2369 2158 immortalium

320 2203 565 2246 numen
618 2180 947 2280 inplorare
1000 2184 1232 2263 potero
1246 2230 1260 2257 ,
1324 2180 1436 2264 qui
1490 2194 1748 2265 semper
1804 2180 2165 2245 extiterunt
2211 2181 2367 2245 huic

257 2321 301 2384 9
323 2267 1592 2441 genessozngffiqiffipfxfflffaeripuit,
1656 2356 1919 2442 coegit?
2033 2354 2106 2421 Si
2171 2356 2368 2421 docet

237 2411 304 2461 ¹⁸
322 2443 596 2527 tabulis,
652 2443 964 2529 quoniam
1015 2444 1219 2509 habet
1275 2444 1510 2509 seriem
1568 2445 1896 2529 quandam
1950 2449 2019 2510 et
2069 2444 2369 2509 ordinem
2397 2471 2451 2513 25

323 2531 649 2597 contracti
700 2532 956 2617 negotii
1005 2532 1328 2597 confectio
1374 2533 1522 2616 ipsa
1564 2534 1973 2618 tabularum,
2028 2534 2373 2599 attendam

323 2620 566 2686 acriter
593 2624 678 2705 et,
716 2619 873 2704 quid
900 2619 972 2684 in
998 2619 1396 2685 defendendo
1426 2620 1591 2685 mihi
1622 2622 1947 2706 agendum
1976 2622 2083 2705 sit,
2110 2622 2369 2687 videbo.

325 2706 398 2773 Si
473 2707 750 2793 denique
814 2707 1024 2773 nitere
1089 2709 1372 2773 testibus
1436 2730 1570 2774 non
1624 2709 1769 2774 dico
1825 2709 2018 2774 bonis
2072 2710 2233 2774 viris
2290 2732 2370 2775 ac

321 2796 643 2881 probatiS,
690 2796 836 2861 noti
883 2796 1018 2860 sint
1063 2796 1277 2881 mod0,
1323 2819 1519 2881 quem
1564 2797 1646 2860 ad
1692 2798 1960 2862 modum
2005 2797 2170 2862 mihi
2217 2820 2371 2863 cum

238 2904 302 2953 19
325 2906 584 2969 quoque
623 2884 712 2948 sit
751 2883 1250 2971 confligendum,
1287 2885 1728 2951 considerabo.
1806 2884 1925 2951 Sin
1958 2908 2127 2950 unus
2166 2885 2369 2971 color,
2396 2914 2451 2953 so

321 2994 454 3037 una
495 2994 650 3056 vox,
704 2994 836 3037 una
878 2973 1060 3038 natio
1109 2978 1211 3037 est
1258 2974 1555 3039 omnium
1598 2974 1899 3059 testium,
1954 2974 2011 3039 si
2020 3025 2038 3075 2
2094 2975 2272 3057 quod
2317 2976 2369 3039 ii

322 3059 566 3144 dicunt,
608 3081 745 3124 non
781 3060 976 3125 modo
1012 3061 1212 3125 nullis
1251 3061 1675 3147 argumentis,
1722 3062 1835 3127 sed
1870 3084 1953 3127 ne
1992 3062 2369 3127 litterarum

322 3147 586 3231 quidem
633 3147 854 3231 aliquo
903 3168 1138 3233 genere
1185 3152 1301 3213 aut
1339 3148 1752 3232 publicarum
1788 3154 1905 3215 aut
1938 3151 2373 3235 privatarum,

321 3236 499 3317 quod
549 3238 773 3299 tamen
816 3235 1035 3319 ipsum
1079 3236 1244 3322 fingi
1288 3240 1539 3322 potest,
1594 3238 1982 3303 confirmare
2028 3242 2371 3323 conantur,

321 3343 450 3404 quo
507 3343 612 3387 me
663 3326 944 3406 vertam,
997 3323 1270 3408 iudices,
1326 3328 1442 3387 aut
1489 3326 1646 3409 quid
1692 3328 1933 3412 agam?
2024 3325 2192 3392 Cum
2239 3328 2369 3393 sin-
2398 3352 2451 3395 35

317 3408 494 3557 {ulis
561 3409 934 3493 disputem?
1001 3410 1201 3495 quid?
1310 3410 1466 3476 Non
1527 3411 1851 3499 habuisti,
1925 3416 2100 3499 quod
2156 3416 2369 3481 dares.

389 3496 649 3560 abuisse
687 3518 758 3562 se
795 3498 984 3561 dicet.
1060 3497 1221 3574 Quis
1267 3498 1336 3563 id
1372 3500 1555 3585 sciet,
1592 3502 1739 3587 quis
1775 3502 2139 3569 iudicabit?
2211 3503 2373 3569 Non
