2550 3875
360 141 487 204 186
932 140 1012 194 IN
1048 140 1110 194 L.
1149 140 1474 196 PISONEM
1511 139 1800 196 ORATIO.

260 351 270 368 .
356 301 540 384 equis
589 304 657 365 et
699 301 977 387 tribuni,
1026 302 1181 387 quid
1227 302 1474 368 clamor
1517 302 1821 386 militum,
1867 302 2024 386 quid
2068 305 2216 367 tota
2257 303 2378 367 illa

354 390 638 473 pompa?
728 388 959 454 Inania
1014 393 1167 454 sunt
1210 391 1368 474 ista,
1423 389 1586 456 mihi
1633 391 1846 472 crede,
1901 390 2377 456 delectamenta
2547 390 2550 495 l

355 498 559 560 paene
620 499 998 560 puerorum,
1062 481 1323 562 captare
1385 478 1680 562 plausus,
1744 478 1894 543 vehi
1955 500 2073 562 per
2125 479 2374 563 urbem,
2549 502 2550 507 ¹

358 564 647 648 conspici
689 565 875 630 velle.
958 565 1209 642 Quibus
1256 588 1337 631 ex
1381 567 1575 631 rebus
1619 566 1786 632 nihil
1833 570 1952 650 est,
2004 568 2178 651 quod
2223 567 2374 632 soli·

358 653 512 717 dum
548 656 785 737 tenere,
819 654 1004 738 nihil,
1042 655 1215 738 quod
1250 653 1489 718 referre
1527 654 1610 718 ad
1644 654 2052 738 voluptatem
2079 655 2370 738 corporis
2421 670 2446 710 ⁵

267 741 587 824 61possis.
678 740 850 817 Quin
902 745 978 806 tu
1021 764 1126 807 me
1170 742 1377 825 vides,
1432 742 1571 826 qui,
1625 763 1706 806 ex
1749 764 1878 827 qua
1920 743 2256 826 provincia
2299 743 2371 807 T.

309 901 313 906 ,
354 827 781 913 Flamininus,
815 828 889 893 L.
926 829 1188 914 Paulus,
1225 829 1302 906 Q.
1338 829 1662 914 Metellus,
1697 829 1770 894 T.
1796 829 2048 915 Didius,
2083 831 2371 895 innume-

356 917 596 981 rabiles
625 917 737 981 alii
764 917 1033 983 levitate
1062 922 1130 982 et
1158 918 1513 1002 cupiditate
1535 919 1848 984 commoti
1865 919 2370 1003 triumpharunt,

356 1025 435 1069 ex
470 1026 548 1068 ea
583 1004 678 1070 sic
713 1005 895 1090 redii,
931 1009 1008 1070 ut
1044 1006 1125 1070 ad
1156 1009 1419 1090 portam
1443 1005 1858 1091 Esquilinam
1883 1005 2370 1072 Macedonicam

354 1092 644 1158 lauream
690 1094 1150 1177 conculcarim,
1204 1094 1345 1178 ipse
1393 1115 1540 1159 cum
1583 1094 1956 1160 hominibus
2004 1095 2372 1178 quindecim
2398 1111 2448 1151 1⁰

353 1181 523 1245 male
576 1181 834 1246 vestitis
889 1183 970 1246 ad
1024 1185 1286 1266 portam
1337 1180 1896 1248 Caelimontanam
1949 1183 2176 1248 sitiens
2229 1205 2373 1267 per-

352 1268 666 1354 venerim3
725 1292 854 1355 quo
910 1269 980 1334 in
1032 1270 1179 1335 loco
1234 1269 1398 1334 mihi
1452 1269 1728 1335 libertus
1780 1271 2114 1355 praeclaro
2169 1271 2373 1355 impe-

351 1357 559 1422 ratori
596 1358 862 1422 domum
898 1379 979 1422 ex
1011 1357 1138 1423 hac
1174 1358 1277 1422 die
1313 1358 1511 1423 biduo
1549 1362 1700 1424 ante
1738 1360 2157 1442 conduxerat3
2205 1381 2371 1443 quae

350 1467 556 1510 vacua
600 1445 657 1509 si
702 1467 837 1511 non
880 1445 1139 1530 fuisset,
1183 1446 1255 1510 in
1301 1467 1529 1531 campo
1575 1444 1820 1512 Martio
1865 1447 2030 1511 mihi
2074 1447 2372 1512 taberna-

353 1534 571 1598 culum
635 1533 1073 1598 collocassem.
1173 1533 1498 1600 Nummus
1557 1534 1808 1599 interea
1859 1535 2049 1618 mihi,
2114 1534 2369 1619 Caesar,
2396 1551 2447 1592 1⁵

350 1620 669 1704 neglectis
696 1621 961 1687 ferculis
988 1622 1498 1706 triumphalibus
1527 1621 1702 1688 domi
1729 1628 1950 1688 manet
1978 1627 2046 1688 et
2063 1624 2370 1691 manebit.

351 1707 667 1773 Rationes
712 1710 793 1774 ad
838 1710 1160 1775 aerarium
1205 1711 1534 1794 continue,
1580 1711 1750 1776 sicut
1785 1716 1902 1775 tua
1935 1711 2042 1774 lex
2075 1711 2364 1796 iubebat,

352 1796 558 1861 detuli
608 1818 819 1880 neque
875 1798 1007 1862 alia
1058 1798 1193 1862 ulla
1247 1798 1320 1862 in
1371 1821 1442 1875 re
1495 1799 1628 1884 legi
1682 1803 1836 1864 tuae
1888 1799 2094 1884 parui.
2193 1800 2368 1877 Quas

350 1884 638 1950 rationes
674 1885 733 1951 si
772 1887 1094 1972 cognoriS,
1129 1886 1471 1973 intelleges
1506 1887 1753 1953 nemini
1789 1887 1936 1972 plus
1975 1909 2172 1972 quam
2203 1889 2368 1954 mihi

349 1973 607 2038 litteras
652 1974 993 2057 profuisse.
1080 1973 1185 2039 Ita
1230 1976 1405 2039 enim
1451 1980 1604 2041 sunt
1648 1976 2059 2060 perscriptae·
2093 1977 2254 2042 scite
2301 1982 2370 2041 et
2394 1993 2447 2033 2⁰

349 2061 661 2146 litterate,
705 2065 781 2127 ut
827 2064 1058 2147 scriba,
1105 2064 1186 2127 ad
1232 2064 1555 2129 aerarium
1601 2065 1714 2148 qui
1761 2086 1868 2129 eas
1906 2064 2184 2149 rettulit,
2227 2086 2369 2148 per-

350 2150 613 2233 scriptis
678 2150 1043 2217 rationibus
1108 2173 1329 2216 secum
1391 2152 1532 2236 ipse
1597 2157 1794 2236 caput
1847 2152 2116 2217 sinistra
2171 2174 2369 2217 manu

343 2238 707 2321 perfricans
754 2243 1344 2307 commurmuratus
1391 2239 1507 2305 sit:

462 2376 700 2444 Rati6
794 2380 1097 2464 quidem
1178 2381 1440 2446 hercle
1522 2382 1872 2466 apparet,
1961 2385 2367 2533 argentum

925 2485 932 2491 ·
2077 2468 2443 2553 οχεται.’25

347 2588 491 2655 Hac
554 2594 629 2654 tu
690 2591 985 2657 oratione
1037 2614 1172 2657 non
1226 2591 1456 2657 dubito
1513 2591 1672 2675 quin
1723 2592 1912 2657 illum
1965 2592 2100 2656 iam
2155 2614 2367 2659 escen-

239 2740 328 2805 26
348 2678 619 2831 deni-311}⁵
654 2678 1379 2832 111ὴο11111111111οᾑ100010
1423 2680 1658 2831 posgis.
1891 2772 1921 2833 t
2043 2768 2056 2781 ·
2313 2769 2327 2782 ⁹

259 2831 326 2888 ⁶²
348 2854 581 2938 oblite,
622 2788 935 2919 effatssarss'i
974 2790 1129 2919 ⁰vi2¹z²
1160 2789 1674 2922 ᾟωῖτῗοὲιῗ
1693 2788 2368 2940 ᾆεῖῗοθᾞῑὲθῗεῖῗῖ

343 2942 653 3025 fractum,
698 2941 973 3027 humile,
1018 2943 1400 3028 demissum,
1446 2943 1804 3028 sordidum,
1847 2943 2120 3009 inferius
2167 2945 2366 3009 etiam
2392 2960 2446 3001 ⁸⁰

345 3034 465 3113 est,
511 3052 709 3114 quam
753 3034 829 3095 ut
863 3028 1336 3097 Mediolanensi
1373 3053 1709 3115 praecone,
1755 3054 1876 3097 avo
1913 3036 2049 3116 tuo,
2094 3032 2368 3117 dignum

344 3139 485 3182 esse
523 3117 836 3182 videatur.
896 3117 969 3185 L.
998 3117 1292 3203 Crassus,
1325 3119 1523 3185 homo
1554 3120 2364 3203 sapientissimus-nostrae

344 3205 660 3289 civitatis,
714 3207 1001 3289 specillis
1050 3229 1253 3291 prope
1300 3211 1630 3273 scrutatus
1675 3212 1777 3271 est
1821 3208 2039 3291 Alpis,
2093 3212 2194 3291 ut,
2249 3208 2366 3273 ubi

341 3292 555 3357 hostis
608 3314 743 3359 non
796 3298 965 3379 erat,
1017 3295 1113 3359 ibi
1166 3296 1485 3380 triumphi
1536 3317 1816 3361 causam⁴
1843 3296 2128 3380 aliquam
2176 3318 2364 3381 quae-

345 3384 543 3464 reret3
588 3381 814 3445 eadem
860 3382 1217 3465 eupiditate
1262 3384 1363 3447 vir
1408 3405 1660 3449 summo
1705 3384 1970 3470 ingenio
2010 3384 2364 3467 praeditus,
2390 3398 2440 3441 εδ

346 3464 415 3529 Ο.
462 3465 686 3549 Cotta,
730 3469 913 3534 nullo
960 3474 1139 3535 certo
1185 3469 1378 3535 hoste
1424 3470 1745 3557 flagravit.
1835 3472 2086 3538 Eorum
2128 3476 2364 3539 neuter
