2550 3875
309 165 444 229 492
587 164 669 218 IN
704 163 778 217 M.
817 156 1212 217 ANTONIUM
1249 159 1519 216 ORATIO
1556 158 1970 214 PHILIPPICA
2003 158 2095 213 IX.

249 292 290 357 6

227 384 292 431 13
449 326 618 389 Mihi
646 328 866 389 autem
891 323 1262 389 recordanti
1293 321 1427 388 Ser.
1458 320 1710 407 Sulpici
1737 323 1983 387 multos
2011 318 2085 385 in
2119 325 2365 386 nostra

313 414 768 480 familiaritate
815 433 1148 477 sermones
1195 411 1451 497 gratior
1495 410 1598 474 illi
1641 411 1927 494 videtur,
1981 410 2040 475 si
2086 410 2201 493 qui
2250 415 2364 474 est

313 523 544 567 sensus
588 502 661 565 in
704 504 1184 585 1110110,ε,ἓ11011
1229 503 1450 563 statua
1492 498 1735 583 futura,
1780 503 1849 563 et
1895 520 1971 563 ea
2004 498 2363 582 pedestriS,

314 611 511 673 quam
573 590 878 653 inaurata
942 588 1291 688 equestris,
1359 586 1573 672 qualis
1637 584 1709 651 L.
1777 583 1997 651 Sullae
2060 586 2361 670 primum

312 680 568 742 statuta
595 681 716 741 est.
752 676 1031 741 Mirifice
1051 676 1226 740 enim
1248 674 1511 741 Servius
1533 676 1853 739 maiorum
1874 674 2359 739 continentiam
2414 700 2441 741 ⁵

314 765 660 850 diligebat,
713 765 908 829 huius
966 765 1210 829 saeculi
1257 763 1681 828 insolentiam
1725 763 2162 847 vituperabat.
2256 761 2359 827 Ut
2538 766 2540 839 l

314 854 548 939 igitur,
604 853 662 917 si
707 852 925 937 ipsum
972 852 1337 934 consulam,
1392 851 1549 935 quid
1594 851 1781 935 velit,
1838 852 1932 916 sic
1978 851 2356 935 pedestrem
2539 846 2540 875 ³

315 963 395 1005 ex
432 963 579 1006 aere
618 944 907 1005 statuam
942 944 1282 1025 tamquam
1318 961 1398 1004 ex
1434 939 1572 1004 eius
1607 940 2001 1004 auctoritate
2030 943 2098 1003 et
2123 939 2356 1003 volun-

313 1034 453 1094 tate
507 1030 811 1114 decern03
866 1050 1031 1114 quae
1087 1028 1351 1112 quidem
1404 1049 1717 1112 magnum
1768 1027 2008 1093 civium
2053 1026 2355 1091 dolorem

315 1121 383 1182 et
456 1117 847 1182 desiderium
915 1116 1164 1182 honore
1228 1116 1618 1180 monimenti
1680 1115 1933 1180 minuet
1997 1118 2066 1180 et
2128 1115 2355 1180 leniet.
2382 1142 2433 1183 ιο

229 1217 297 1265 14
316 1206 536 1289 Atque
591 1206 761 1270 hane
815 1225 1029 1269 meam
1083 1203 1504 1289 sententiam,
1561 1208 1783 1288 patres
1840 1204 2225 1287 conscripti,
2282 1202 2354 1267 P.

319 1292 556 1359 Servili
611 1292 939 1357 sententia
992 1293 1408 1376 comprobari
1460 1313 1723 1357 necesse
1780 1296 1909 1375 est,
1973 1292 2087 1375 qui
2141 1292 2356 1375 sepul·

317 1382 547 1447 chrum
618 1380 878 1465 publice
952 1380 1427 1445 decernendum
1501 1379 1636 1446 Ser.
1712 1378 2003 1463 Sulpicio
2076 1380 2354 1464 censuit,

316 1473 606 1533 statuam
648 1491 785 1534 non
829 1468 1122 1541 censuit„
1174 1468 1367 1552 Nam,
1412 1469 1470 1532 si
1516 1489 1694 1533 mors
1730 1468 1937 1553 legati
1974 1468 2113 1532 sine
2155 1468 2353 1533 caede

317 1561 514 1641 atque
571 1556 744 1620 ferro
799 1556 1055 1620 nullum
1109 1556 1430 1622 honorem
1484 1556 1835 1640 desiderat,
1890 1578 2005 1621 cur
2059 1556 2352 1621 decernit
2379 1584 2428 1625 1⁵

315 1644 634 1709 honorem
681 1645 1071 1729 sepulturae,
1114 1645 1226 1729 qui
1272 1644 1595 1709 maximus
1640 1643 1871 1708 haberi
1915 1648 2139 1729 potest
2183 1666 2354 1709 mor-

317 1733 479 1796 tuo?
547 1730 666 1796 Sin
699 1732 768 1795 id
804 1732 1044 1797 tribuit
1082 1731 1218 1797 Ser.
1257 1731 1568 1817 Sulpicio,
1605 1733 1780 1816 quod
1814 1753 1951 1801 non
1985 1736 2089 1797 est
2125 1733 2355 1797 datum

317 1819 432 1886 Cn.
480 1818 782 1904 Octavio,
839 1842 980 1906 cur,
1036 1822 1210 1905 quod
1263 1820 1365 1885 illi
1411 1821 1636 1885 datum
1684 1823 1812 1905 est,
1865 1820 2020 1885 huic
2066 1820 2353 1885 dandum

315 1930 458 1974 esse
492 1931 630 1974 non
666 1910 932 1974 censet?
986 1908 1270 1974 Maiores
1305 1908 1566 1993 quidem
1591 1908 1807 1974 nostri
1835 1912 2091 1974 statuas
2120 1909 2351 1974 multis

316 1999 766 2082 decreverunt,
813 1998 1159 2082 sepulchra
1203 1997 1447 2082 paucis.
1540 1996 1669 2063 Sed
1715 2000 1973 2062 statuae
2018 1998 2352 2062 intereunt
2378 2029 2430 2068 ιο

316 2089 731 2169 tempestate,
768 2086 852 2170 vi,
879 2089 1228 2171 vetustate,
1256 2086 1751 2170 sepulchrorum
1780 2088 2002 2150 autem
2030 2087 2352 2151 sanctitas

314 2174 388 2236 in
440 2175 588 2257 ipso
644 2174 786 2238 solo
843 2178 972 2258 est,
1028 2175 1202 2258 quod
1254 2175 1439 2239 nulla
1489 2174 1553 2239 vi
1599 2174 1847 2238 moveri
1891 2195 2103 2274 neque
2148 2174 2354 2239 deleri

315 2265 569 2345 potest,
625 2265 851 2346 atque,
905 2266 981 2326 ut
1035 2266 1254 2327 cetera
1309 2263 1807 2348 extinguuntur,
1862 2263 1957 2327 810
2004 2262 2353 2346 sepulchra

231 2359 296 2408 15
317 2349 650 2414 sanctiora
684 2349 853 2413 fiunt
889 2353 1236 2414 vetustate.
1310 2351 1654 2436 Augeatur
1688 2351 1897 2436 igitur
1931 2350 2064 2415 isto
2101 2350 2349 2415 honore

315 2437 518 2501 etiam
554 2437 611 2501 is
646 2437 766 2522 vir,
804 2439 908 2502 0111
933 2439 1154 2503 nullus
1180 2439 1391 2503 honos
1422 2439 1625 2502 tribui
1652 2460 1785 2503 non
1812 2439 2073 2503 debitus
2098 2442 2350 2524 potest3
2376 2469 2425 2508 2⁵

317 2524 494 2610 grati
542 2525 748 2589 simus
794 2526 864 2590 in
911 2527 1050 2591 eius
1096 2530 1310 2591 morte
1357 2527 1735 2610 decoranda,
1781 2527 1887 2591 cui
1931 2527 2182 2590 nullam
2219 2527 2351 2591 iam

317 2613 517 2678 aliam
573 2614 858 2698 gratiam
913 2614 1152 2678 referre
1206 2636 1577 2698 possumuS.
1666 2613 1955 2679 Notetur
2009 2615 2211 2679 etiam
2262 2614 2349 2681 M.

316 2701 571 2767 Antoni
633 2701 956 2766 nefarium
1017 2703 1265 2766 bellum
1330 2703 1620 2788 gerentis
1684 2703 2003 2767 scelerata
2065 2703 2350 2768 audacia.

314 2788 441 2854 His
497 2789 674 2854 enim
726 2790 1087 2855 honoribus
1144 2789 1393 2854 habitis
1443 2788 1579 2855 Ser.
1628 2788 1919 2874 Sulpicio
1971 2791 2347 2875 repudiatae

315 2879 723 2961 reiectaeque
769 2878 1123 2963 legationis
1171 2880 1253 2943 ab
1293 2878 1585 2943 Antonio
1634 2879 1927 2943 manebit
1968 2879 2346 2945 testificatio
2371 2909 2422 2950 ³0

317 2966 735 3049 sempiterna.

255 3053 294 3116 7
453 3052 630 3129 Quas
686 3055 770 3118 ob
827 3075 931 3118 res
986 3054 1084 3118 ita
1138 3075 1400 3118 censeo:
1494 3055 1665 3121 ‘cum
1714 3053 1849 3120 Ser.
1899 3053 2227 3139 Sulpicius
2272 3055 2346 3133 Q.

314 3140 361 3205 f.
426 3139 743 3206 Lemonia
801 3141 1013 3205 Rufus
1078 3141 1469 3207 difficillimo
1533 3143 1629 3207 rei
1692 3143 1991 3228 publicae
2055 3147 2345 3228 tempore

317 3229 505 3314 gravi
538 3229 1036 3313 periculosoque
1074 3231 1307 3295 morbo
1346 3230 1641 3295 adfectus
1679 3233 2143 3297 auctoritatem
2172 3253 2345 3297 sena-

315 3319 452 3398 tuS‚
526 3317 807 3382 salutem
878 3318 973 3381 rei
1046 3318 1347 3401 publicae
1419 3318 1595 3383 vitae
1668 3341 1824 3385 suae
1896 3321 2345 3404 praeposuerit
2369 3347 2419 3389 ³5

318 3405 676 3487 contraque
739 3405 874 3468 vim
931 3406 1451 3489 gravitatemque
1507 3408 1721 3472 morbi
1777 3409 2212 3493 contenderit,
2270 3412 2344 3473 ut

317 3488 388 3551 in
444 3494 660 3553 castra
705 3490 794 3554 M.
839 3492 1116 3576 Antoni,
1172 3514 1301 3575 quo
1351 3498 1616 3559 senatus
1664 3517 1814 3561 eum
1859 3497 2158 3582 miserat,
2209 3518 2345 3581 per·
2539 3463 2540 3544 1
