2550 3875
315 189 446 256 292
735 189 879 244 PRO
917 188 978 243 Τ.
1016 186 1249 242 ANNIO
1287 185 1571 242 MILONE
1609 185 1899 243 ORATIO.

317 355 500 418 sente
559 350 851 436 domin0,
916 349 1090 434 quod
1154 371 1307 414 suos
1365 349 1641 433 quisque
1696 369 1918 414 servos
1974 348 2045 412 111
2099 347 2224 412 tali
2280 369 2379 412 re·

314 440 527 506 facere
573 439 906 505 voluisset.

215 511 292 576 ll
447 527 658 612 Haec,
704 527 898 592 sicuti
944 526 1240 611 exposui,
1285 526 1381 590 ita
1426 529 1617 611 gesta
1660 528 1841 608 sunt,
1875 523 2152 608 iudices3
2196 523 2363 589 insi-

229 602 298 650 30
317 616 532 680 diator
577 618 919 698 superatus
967 618 1095 700 est,
1139 614 1206 678 vi
1250 614 1428 679 victa
1471 614 1570 678 vis
1617 613 1723 678 vel
1765 613 1988 697 potius
2037 634 2359 697 oppressa

316 704 561 769 virtute
607 703 876 768 audacia
921 706 1037 767 est.
1110 700 1297 767 Nihil
1343 701 1507 785 dico,
1554 701 1710 785 quid
1754 722 1859 766 res
1899 701 2164 784 publica
2203 722 2357 766 0011-
2410 719 2445 760 5

317 796 542 857 secuta
597 791 710 876 sit,
763 791 956 874 nihil,
1015 790 1170 874 quid
1223 812 1368 874 vos,
1421 789 1615 874 nihil,
1671 789 1829 873 quid
1885 809 2107 854 omnes
2164 788 2356 873 boni3

315 880 483 945 nihil
537 900 691 944 sane
744 879 813 943 id
865 879 1080 963 prosit
1132 877 1394 962 Miloni,
1450 878 1564 962 qui
1615 878 1743 943 hoc
1796 877 1938 942 fato
1986 881 2183 941 natus
2231 881 2356 962 est,

315 972 394 1033 ut
444 989 526 1032 ne
573 988 642 1032 se
690 966 950 1050 quidem
997 988 1253 1032 servare
1299 966 1618 1051 potuerit,
1672 966 1832 1049 quin
1875 986 2007 1030 una
2050 986 2190 1030 rem
2235 987 2357 1049 pu-

317 1056 559 1121 blicam
613 1076 858 1138 vosque
915 1057 1220 1120 servaret.
1315 1052 1386 1119 Si
1439 1054 1507 1119 id
1562 1054 1700 1118 iure
1745 1053 1889 1118 fieri
1931 1075 2065 1119 non
2108 1055 2357 1138 potuit,

314 1144 482 1208 nihil
527 1143 757 1227 habeo,
803 1142 976 1227 quod
1022 1141 1379 1208 defendam.
1474 1140 1592 1207 Sin
1633 1142 1760 1208 hoc
1805 1146 1874 1206 et
1918 1142 2088 1206 ratio
2136 1141 2353 1207 doctis
2386 1165 2441 1204 ιο

317 1236 384 1298 01
428 1232 782 1297 necessitas
829 1231 1127 1296 barbaris
1174 1235 1243 1294 01
1287 1251 1430 1295 mos
1478 1231 1786 1316 gentibus
1832 1234 1900 1294 01
1944 1228 2101 1294 feris
2148 1229 2357 1294 etiam

316 1320 529 1384 beluis
565 1324 804 1385 natura
837 1319 984 1403 ipsa
1017 1318 1461 1404 praescripsit,
1496 1322 1573 1383 ut
1610 1339 1867 1384 omnem
1904 1339 2160 1402 semper
2196 1319 2355 1403 vim,

317 1429 723 1492 quacumque
783 1429 906 1491 ope
956 1410 1252 1493 possent,
1310 1429 1349 1471 a
1394 1428 1691 1491 corpore,
1746 1428 1786 1471 a
1831 1406 2072 1491 capite,
2126 1428 2168 1470 a
2210 1406 2356 1471 vita

317 1517 436 1561 sua
479 1496 956 1579 propulsarent,
1000 1516 1135 1560 non
1177 1495 1459 1579 potestis
1502 1495 1630 1560 hoc
1675 1493 1928 1560 facinus
1973 1494 2355 1578 improbum

315 1584 618 1667 iudicare,
665 1583 823 1667 quin
865 1583 1062 1648 simul
1098 1583 1398 1648 iudicetis
1438 1583 1756 1668 omnibus,
1804 1583 1916 1668 qui
1952 1582 2024 1647 in
2057 1583 2352 1648 latrones
2384 1607 2436 1649 15

315 1671 681 1754 inciderint,
727 1675 842 1736 aut
884 1671 1150 1736 illorum
1194 1671 1347 1736 telis
1395 1675 1510 1736 aut
1549 1671 1786 1736 vestris
1823 1671 2169 1736 sententiis
2208 1693 2353 1736 esse

229 1781 293 1830 31
315 1759 731 1843 pereundum.
833 1758 1021 1834 Quod
1084 1759 1143 1824 si
1203 1759 1301 1824 ita
1363 1763 1687 1845 putasset,
1752 1763 1927 1825 certe
1988 1759 2352 1845 optabilius

315 1846 549 1911 Miloni
593 1845 721 1911 fuit
768 1846 918 1912 dare
965 1847 1264 1933 iugulum
1302 1845 1373 1911 P.
1410 1846 1639 1913 Clodio
1683 1868 1818 1912 non
1863 1847 2065 1913 semel
2110 1847 2194 1912 ab
2232 1849 2351 1913 illo

314 1959 525 2020 neque
580 1940 724 2001 tum
775 1935 1061 2021 primum
1114 1935 1399 2020 petitum
1455 1958 1651 2022 quam
1703 1935 1990 2022 iugulari
2046 1958 2086 2001 a
2140 1938 2353 2022 vobis,

318 2026 471 2111 quia
543 2046 611 2089 se
683 2046 820 2089 non
886 2024 1313 2110 iugulandum
1373 2024 1476 2089 illi
1537 2025 1932 2090 tradidisset.
2042 2022 2161 2090 Sin
2223 2026 2351 2091 11οο
2381 2053 2435 2091 20

314 2134 505 2178 nemo
561 2116 851 2177 vestrum
903 2112 1001 2177 ita
1057 2113 1285 2197 sentit,
1337 2134 1473 2178 non
1525 2112 1689 2177 illud
1742 2113 1877 2177 iam
1921 2113 1992 2178 in
2036 2112 2352 2179 iudicium

316 2201 513 2283 venit,
561 2201 894 2265 occisusne
934 2200 1041 2283 sit,
1088 2202 1261 2284 quod
1298 2199 1597 2286 fatemur,
1644 2201 1757 2266 sed
1792 2202 1933 2265 iure
1970 2222 2055 2265 an
2090 2201 2350 2286 iniuria,

318 2288 492 2371 quod
545 2288 774 2353 multis
828 2288 899 2352 in
944 2288 1154 2353 causis
1202 2310 1395 2372 saepe
1443 2288 1812 2373 quaesitum
1856 2293 1974 2355 est.
2064 2287 2349 2355 Insidias

315 2374 526 2440 factas
585 2397 724 2440 esse
781 2380 1068 2461 constat,
1130 2380 1199 2441 01
1251 2376 1320 2442 id
1375 2380 1502 2460 est,
1567 2377 1740 2461 quod
1796 2381 2059 2443 senatus
2118 2383 2351 2444 contra

315 2485 454 2528 rem
508 2462 839 2546 publicam
893 2464 1141 2529 factum
1193 2464 1534 2550 iudicavit3
1586 2466 1671 2530 ab
1726 2468 1878 2530 utro
1934 2464 2148 2532 factae
2197 2467 2349 2554 sint,
2379 2492 2430 2533 85

315 2551 637 2616 incertum
680 2557 797 2617 est.
869 2551 969 2617 De
1005 2553 1132 2619 1100
1168 2552 1376 2638 igitur
1410 2553 1621 2618 latum
1657 2557 1761 2618 est
1794 2558 1873 2618 ut
1910 2558 2350 2638 quaereretur.

315 2639 422 2704 Ita
457 2644 524 2703 et
563 2644 827 2704 senatus
865 2661 1022 2725 rem,
1058 2662 1192 2705 non
1226 2640 1563 2706 hominem
1588 2642 1865 2726 notavit,
1902 2646 1971 2707 et
1998 2641 2351 2728 Pompeius

215 2729 297 2794 12
317 2728 394 2793 de
447 2728 616 2812 iure,
670 2750 803 2794 non
859 2729 936 2793 de
983 2727 1157 2793 facto
1207 2729 1658 2815 quaestionem
1703 2730 1877 2795 tulit.
1967 2729 2147 2796 Num
2194 2731 2353 2815 quid

316 2816 523 2902 igitur
576 2816 752 2881 aliud
801 2816 872 2881 in
921 2816 1233 2882 iudicium
1277 2818 1483 2903 venit,
1535 2818 1666 2883 nisi
1707 2822 1857 2883 uter
1900 2818 2035 2883 utri
2078 2819 2352 2885 insidias

313 2904 588 2970 fecerit?
671 2903 975 2970 Profecto
1020 2904 1214 2991 nihil;
1269 2905 1328 2971 si
1370 2906 1481 2971 hic
1524 2906 1652 2992 illi,
1704 2910 1782 2971 ut
1824 2928 1907 2973 ne
1954 2907 2044 2971 sit
2089 2907 2350 2994 inpune,
2378 2935 2429 2974 so

317 2992 374 3056 si
417 2992 530 3056 ille
574 2992 756 3077 111110,
800 2996 876 3057 111
924 2994 1162 3059 scelere
1209 2995 1556 3060 solvamur.

227 3100 294 3150 82
452 3079 750 3155 Quonam
785 3080 991 3166 igitur
1026 3085 1218 3165 pacto
1255 3082 1522 3165 probari
1556 3085 1777 3167 potest
1812 3082 2081 3148 insidias
2115 3081 2351 3149 Miloni

313 3167 546 3232 fecisse
594 3166 939 3233 Clodium?
1015 3167 1190 3234 Satis
1237 3173 1339 3233 est
1373 3170 1444 3235 in
1478 3169 1596 3235 illa
1632 3171 1894 3255 quidem
1928 3174 2066 3236 tam
2104 3172 2351 3259 audaci,

314 3258 452 3319 tam
491 3254 742 3319 nefaria
777 3255 973 3321 belua
1009 3256 1237 3321 docere
1274 3279 1580 3345 magnam
1618 3259 1679 3324 ei
1716 3280 1997 3345 causam,
2041 3280 2351 3345 magnam

315 3363 499 3425 spem
544 3343 614 3406 in
657 3342 925 3408 Milonis
971 3348 1182 3409 morte
1226 3347 1659 3431 propositam,
1706 3368 1977 3433 magnas
2022 3347 2351 3414 utilitates
2378 3374 2427 3415 ³5

314 3428 534 3493 fuisse.
624 3428 855 3513 Itaque
903 3432 1066 3495 illud
1114 3430 1526 3518 Cassianum,
1583 3435 1711 3499 ‘cui
1756 3434 1955 3501 bono’
2001 3434 2227 3522 fuerit,
2280 3438 2353 3502 in

313 3514 419 3579 his
472 3518 768 3599 personis
826 3520 1065 3603 valeat,
1121 3520 1245 3584 etsi
1303 3522 1461 3587 boni
1513 3522 1696 3588 nullo
1749 3525 2185 3590 emolumento
2232 3524 2353 3590 im·
