2550 3875
293 163 426 228 268
660 160 805 217 PRO
844 161 902 217 C.
939 159 1245 214 RABIRIO
1284 158 1630 216 POSTUMO
1670 159 1959 216 ORATIO.

568 322 664 388 Si.
694 326 770 387 te
817 324 1150 388 secundo
1197 323 1487 387 himine
1533 323 1661 388 hic
1708 323 2128 407 offenderO,

563 411 928 494 Moriere3

298 522 464 585 quae
539 522 675 565 non
741 503 818 564 ut
882 499 1281 564 delectemur
1344 499 1560 562 solum
1621 498 1842 583 legere
1908 503 1976 562 et
2040 502 2351 582 spectare

211 663 216 670 ยน
297 589 634 672 debemus,
681 588 795 652 sed
839 591 916 652 ut
963 609 1188 652 cavere
1236 587 1438 652 etiam
1484 590 1552 650 et
1596 586 1824 671 fugere
1871 586 2219 651 discamus.

207 691 278 740 30
434 677 526 740 At
563 699 641 741 ex
676 677 801 740 hoc
839 676 984 759 ipso
1024 675 1268 740 crimen
1307 674 1614 739 exoritur.
1669 675 1789 738 Ait
1826 675 2018 759 enim,
2057 674 2349 740 Gabinio
2409 696 2437 736 โต

295 765 639 850 pecuniam
667 763 1021 829 Postumus
1059 784 1196 828 cum
1224 767 1508 849 cogeret,
1544 763 1845 827 decumas
1873 763 2351 847 imperatarum

298 853 723 937 pecuniarum
778 853 906 916 sibi
962 851 1271 937 coegisse.
1362 851 1517 916 Non
1570 851 1914 936 intellego,
1967 853 2095 916 hoc
2152 852 2349 936 quale

299 941 418 1025 sit,
461 945 688 1005 utrum
731 941 1170 1006 accessionem
1214 940 1549 1023 decumae,
1603 944 1680 1003 ut
1724 940 1937 1004 nostri
1982 940 2197 1005 facere
2245 962 2352 1005 co-

300 1034 555 1094 actores
595 1029 808 1093 solent
843 1031 917 1093 in
953 1028 1326 1112 centesima,
1374 1050 1459 1092 an
1495 1028 1934 1092 decessionem
1972 1028 2051 1092 de
2088 1051 2355 1094 summa

299 1117 547 1183 fecerit.
643 1116 714 1182 Si
770 1117 1235 1200 accessionem,
1289 1116 1589 1181 undecim
1646 1116 1830 1180 milia
1884 1117 2209 1180 talentum
2266 1117 2351 1180 ad
2379 1149 2439 1188 10

304 1205 658 1270 Gabinium
711 1208 1164 1289 pervenerunt.
1257 1205 1351 1268 At
1402 1226 1538 1268 non
1592 1205 1787 1269 modo
1846 1206 1963 1269 abs
2010 1209 2077 1268 te
2125 1205 2353 1269 decem

213 1316 277 1365 31
302 1295 487 1359 milia
520 1294 794 1359 obiecta
839 1297 1011 1378 sunt,
1057 1294 1170 1358 sed
1214 1292 1415 1357 etiam
1453 1294 1536 1356 ab
1573 1292 1679 1356 his
1717 1293 2082 1357 aestimata.
2157 1293 2350 1358 Addo

301 1383 467 1448 illud
503 1383 730 1446 etiam:
788 1381 917 1457 Qui
953 1382 1218 1446 tandem
1256 1381 1561 1446 convenit
1598 1385 1714 1445 aut
1751 1385 1890 1445 tam
1926 1381 2114 1466 gravi
2154 1403 2353 1446 onere

302 1471 707 1536 tributorum
745 1468 826 1533 ad
864 1473 1120 1533 tantam
1155 1469 1501 1554 pecuniam
1540 1469 1899 1554 cogendam
1934 1468 2115 1535 mille
2146 1470 2355 1534 talen-

302 1563 448 1624 tum
494 1557 934 1623 accessionem
981 1579 1121 1622 esse
1167 1558 1415 1623 factam
1462 1561 1577 1622 aut
1633 1561 1890 1622 tantam
1935 1560 2008 1623 de
2052 1557 2351 1623 mercede
2384 1588 2438 1628 15

299 1645 608 1729 hominis,
634 1650 710 1710 ut
737 1646 856 1729 vis,
885 1645 1252 1710 avarissimi
1286 1646 1492 1726 [mille
1521 1645 1873 1728 talentum]
1905 1646 2356 1712 decessionem

303 1755 445 1800 esse
501 1735 920 1799 concessam?
1011 1733 1243 1817 Neque
1301 1734 1475 1798 enim
1527 1733 1659 1798 fuit
1715 1732 1956 1798 Gabini
2012 1735 2354 1799 remittere

306 1826 567 1887 tantum
613 1823 691 1886 de
737 1844 856 1886 suo
907 1843 1026 1886 nec
1071 1822 1247 1906 regis
1286 1822 1619 1905 imponere
1657 1826 1917 1887 tantum
1958 1824 2153 1906 [pati]
2196 1823 2355 1886 suis,

307 1911 402 1976 At
461 1913 654 1975 erunt
709 1914 914 1976 testes
970 1911 1178 1996 legati
1231 1909 1677 1976 Alexandrini.
1767 1910 1827 1975 Ii
1880 1911 2049 1976 nihil
2104 1911 2177 1977 in
2231 1909 2356 1975 Ga-

307 2000 562 2065 binium
599 1998 932 2084 dixerunt3
975 1998 1179 2063 immo
1216 1999 1265 2062 ii
1306 1998 1661 2064 Gabinium
1694 2000 2143 2065 laudaverunt.
2217 1998 2357 2065 Ubi
2386 2032 2441 2071 20

308 2109 466 2173 ergo
505 2087 616 2151 ille
645 2108 808 2171 mos,
844 2087 962 2152 ubi
990 2088 1391 2153 consuetudo
1420 2087 1828 2173 iudiciorum,
1863 2088 1978 2153 ubi
2008 2088 2356 2172 exempla?

311 2174 497 2240 Solet
551 2175 608 2239 is
659 2175 872 2240 dicere
919 2175 990 2239 in
1035 2197 1210 2259 eum,
1266 2176 1381 2259 qui
1425 2176 1769 2259 pecuniam
1814 2178 2066 2258 redegit,
2124 2176 2241 2260 qui
2284 2177 2361 2241 in

308 2263 518 2347 illum,
547 2262 730 2327 cuius
757 2263 1021 2328 nomine
1051 2286 1128 2327 ea
1154 2264 1432 2347 pecunia
1458 2264 1881 2349 redigeretur,
1907 2286 2043 2329 non
2070 2264 2359 2328 dixerit?

220 2370 288 2419 32
311 2351 484 2435 Age,
531 2350 588 2414 si
634 2350 719 2435 is,
767 2351 880 2434 qui
925 2374 1058 2416 non
1105 2351 1289 2435 dixit,
1336 2351 1524 2436 solet,
1570 2352 1853 2417 etiamne
1898 2352 1957 2417 is
2005 2352 2195 2436 nolet,
2243 2352 2361 2436 qui

311 2437 648 2502 laudavit?
737 2437 956 2504 Isdem
1011 2440 1323 2523 testibus,
1379 2444 1447 2503 et
1503 2440 1766 2523 quidem
1817 2462 1953 2505 non
1996 2440 2359 2524 productiS,
2388 2472 2444 2511 25

315 2527 430 2591 sed
475 2525 668 2590 dictis
715 2527 988 2591 testium
1033 2528 1350 2609 recitatis,
1398 2528 1586 2610 quasi
1631 2527 2078 2611 praeiudicata
2122 2550 2229 2593 res
2278 2529 2359 2592 ad

209 2614 292 2679 12
311 2614 432 2679 has
480 2636 708 2679 causas
755 2615 992 2679 deferri
1029 2615 1216 2679 solet.
1289 2614 1383 2678 Et
1420 2615 1515 2679 ait
1551 2616 1754 2679 etiam
1790 2638 1973 2680 meus
2009 2616 2359 2680 familiaris

313 2707 381 2767 et
421 2702 828 2766 necessarius
867 2703 1136 2767 eandem
1175 2724 1439 2767 causam
1476 2702 1937 2767 Alexandrinis
1974 2703 2196 2787 fuisse,
2244 2726 2362 2769 cur

313 2790 658 2855 laudarent
723 2788 1102 2873 Gabinium,
1166 2811 1331 2874 quae
1396 2791 1561 2855 mihi
1618 2790 1846 2875 fuerit,
1911 2812 2027 2857 cur
2081 2794 2360 2858 eundem

314 2876 740 2942 defenderem.
804 2877 990 2962 Mihi,
1028 2876 1098 2943 O.
1135 2876 1425 2961 Memmi,
1462 2900 1659 2943 causa
1695 2878 2076 2944 defendendi
2117 2878 2359 2946 Gabini
2390 2911 2447 2951 ao

312 2964 445 3029 fuit
508 2965 955 3031 reconciliatio
1021 2966 1293 3051 gratiae.
1393 2964 1623 3050 Neque
1688 2989 1792 3031 me
1855 2989 2009 3033 vero
2063 2970 2361 3053 paenitet

316 3053 627 3118 mortales
701 3054 1109 3138 inimicitias,
1193 3055 1623 3138 sempiternas
1698 3056 2023 3120 amicitias
2096 3057 2361 3123 habere.

229 3151 300 3200 33
317 3139 518 3224 Nam,
573 3140 630 3205 si
688 3163 790 3205 me
844 3141 1126 3207 invitum
1179 3146 1376 3226 putas
1387 3194 1404 3227 ,
1457 3164 1539 3207 ne
1588 3142 1703 3209 Cn.
1749 3144 2021 3228 Pompei
2069 3145 2363 3211 animum

319 3227 710 3293 offenderem
717 3272 736 3313 ,-
789 3229 1153 3295 defendisse
1209 3251 1499 3313 causam,
1556 3235 1623 3295 et
1672 3231 1863 3296 illum
1909 3236 1977 3296 et
2023 3254 2127 3297 me
2173 3234 2363 3299 vehe-

318 3319 574 3379 menter
618 3316 904 3400 ignoras.
976 3315 1207 3401 Neque
1255 3319 1429 3383 enim
1465 3318 1816 3403 Pompeius
1864 3342 1968 3385 me
2006 3342 2127 3385 sua
2164 3344 2365 3387 causa
2391 3347 2444 3390 35

320 3402 672 3485 quicquam
732 3403 946 3468 facere
1010 3405 1329 3470 voluisset
1391 3406 1699 3491 invitum,
1762 3430 1972 3491 neque
2039 3429 2189 3493 ego,
2255 3411 2364 3475 cui

319 3489 614 3553 omnium
651 3489 890 3554 civium
926 3492 1200 3555 libertas
1239 3492 1579 3557 carissima
1613 3493 1867 3577 fuisset,
1905 3518 2117 3560 meam
2152 3498 2365 3580 proie-
