2550 3875
904 160 1058 214 GAP.
1098 168 1238 214 4-6
1278 167 1308 225 ξ
1346 167 1539 215 8—13.
2114 160 2243 225 499

203 320 381 386 hunc
418 321 775 385 retinentes
811 322 1227 387 extrusimus.
1283 321 1376 386 At
1415 322 1570 406 quid
1608 322 1668 387 ei
1698 344 1844 387 cum
1872 320 2244 406 Apollonia,

207 408 364 493 quid
430 430 578 473 cum
632 407 1027 494 Dyrrachio,
1092 409 1250 492 quid
1316 432 1463 474 cum
1520 410 1817 495 Illyrico,
1883 410 2041 494 quid
2094 432 2243 475 cum

205 496 278 561 P.
324 496 555 561 Vatini
605 496 1022 581 imperatoris
1071 498 1403 562 exercitu?
1498 496 1925 582 Succedebat,
1978 502 2055 562 ut
2100 497 2241 582 ipse

205 584 482 670 dicebat,
527 584 902 649 Hortensio,
978 583 1160 651 Certi
1195 585 1359 651 fines
1396 584 1833 672 Macedoniae,
1880 591 2059 651 certa
2097 608 2243 651 con·

147 688 177 729 5
205 673 395 758 dici0,
434 677 670 758 certuS,
707 673 765 737 si
792 673 986 738 modo
1016 677 1158 737 erat
1184 674 1376 758 ullus,
1414 674 1764 758 exercitus3
1798 697 1946 739 cum
1971 674 2239 758 Illyrico

204 783 360 826 vero
402 765 468 825 et
507 783 655 826 cum
691 760 922 825 Vatini
958 761 1329 848 legionibus
1368 761 1523 847 quid
1560 765 1701 826 erat
1736 760 2075 827 Antonio?
2148 760 2240 826 At
2266 769 2327 818 1⁴2

203 872 286 914 ne
322 849 532 915 Bruto
572 848 861 934 quidem3
901 850 968 914 id
1005 850 1180 915 enim
1215 850 1499 916 fortasse
1540 850 1866 935 quispiam
1901 850 2241 934 improbus

204 938 459 1002 dixerit.
552 936 794 1003 Omnes
841 938 1161 1024 legiones,
1217 960 1462 1004 omnes·
1490 938 1742 1024 copiae,
1790 960 1953 1023 quae
1999 938 2240 1023 ubique

205 1030 386 1109 sunt,
441 1025 537 1090 rei
581 1025 883 1110 publicae
931 1031 1113 1111 sunt3
1165 1048 1287 1093 nec
1332 1027 1506 1091 enim
1552 1048 1665 1092 eae
1709 1026 2030 1112 legiones,
2076 1049 2239 1111 quae

6 1120 8 1155 ;
119 1131 177 1169 1⁰
203 1113 293 1179 M.
357 1112 722 1179 Antonium
784 1114 1216 1201 reliquerunt,
1283 1113 1535 1181 Antoni
1596 1115 1819 1199 potius
1886 1135 2082 1198 quam
2147 1115 2240 1179 rei

199 1202 502 1287 publicae
555 1202 760 1267 fuisse
807 1202 1120 1268 dicentur.
1213 1202 1422 1269 Omne
1470 1202 1644 1267 enim
1690 1206 1757 1268 et
1804 1202 2125 1268 exercitus
2174 1205 2241 1266 et

199 1290 464 1376 imperii
507 1290 610 1355 ius
657 1290 908 1356 amittit
951 1292 1028 1375 is,
1076 1292 1188 1375 qui
1235 1314 1312 1356 eo
1359 1291 1633 1375 imperio
1674 1294 1742 1355 et
1776 1291 2065 1356 exercitu
2102 1311 2243 1355 rem

202 1372 2302 1533 33k¹³321¹335¹353231203512d{355⁸:.;53.5.¹2?33⁰³;32333522⁶

710 1535 714 1539 ·
1792 1518 1809 1551 7

119 1570 174 1611 15
203 1578 290 1622 an
333 1554 544 1621 Bruto
590 1555 883 1641 legiones
928 1556 1156 1640 populi
1201 1555 1485 1620 Romani
1531 1556 1974 1620 adiudicaret?
2050 1553 2243 1619 Alter

204 1644 547 1710 advolarat
592 1644 812 1709 subito
861 1644 942 1708 ad
989 1644 1423 1729 direptionem
1467 1647 1853 1729 pestemque
1896 1642 2241 1728 sociorum,

203 1736 298 1818 ut,
341 1753 746 1816 quacumque
781 1732 927 1815 iret,
966 1732 1185 1797 omnia
1221 1734 1531 1816 vastaret,
1570 1732 1900 1817 diriperet,
1937 1732 2242 1816 auferret,

205 1820 494 1885 exercitu
537 1820 765 1904 populi
800 1819 1084 1885 Romani
1132 1823 1362 1886 contra
1398 1820 1616 1904 ipsum
1650 1821 1969 1905 populum
2004 1819 2242 1884 Roma-

202 1931 364 1975 num
398 1912 724 1994 uteretur3
770 1909 940 1974 alter
979 1930 1123 1974 eam
1158 1908 1375 1995 legem
1412 1908 1542 1975 sibi
1578 1912 1919 1994 statuerat,
1956 1912 2049 1994 ut,
2087 1930 2244 1993 quo-

118 2013 177 2053 20
205 2019 482 2082 cumque
529 1997 832 2083 venisset,
875 1998 990 2062 lux
1034 1998 1288 2062 venisse
1336 1998 1655 2082 quaedam
1702 2000 1769 2062 et
1816 2018 1965 2082 spes
2008 1996 2242 2062 salutis

204 2086 552 2152 videretur.
623 2085 920 2170 Denique
958 2086 1126 2151 alter
1162 2086 1244 2150 ad
1282 2086 1699 2150 evertendam
1734 2107 1875 2150 rem
1910 2085 2243 2169 publicam

202 2174 531 2260 praesidia
572 2175 944 2259 quaerebat,
991 2175 1158 2240 alter
1194 2175 1276 2239 ad
1315 2174 1837 2239 conservandam.
1910 2173 2052 2239 Nec
2088 2196 2241 2239 vero

202 2284 325 2328 nos
371 2262 498 2327 hoc
541 2261 756 2348 magis
796 2262 1176 2328 videbamus
1216 2284 1413 2347 quam
1448 2261 1581 2347 ipsi
1616 2262 1881 2347 milites,
1928 2284 1967 2326 a
2004 2262 2240 2346 quibus

205 2354 394 2416 tanta
429 2351 499 2414 in
525 2350 868 2417 iudicando
895 2350 1244 2435 prudentia
1268 2373 1404 2416 non
1432 2353 1572 2415 erat
1597 2351 2009 2434 postulanda.
2075 2350 2242 2416 Cum
2268 2355 2329 2402 13

121 2455 177 2494 25
205 2438 342 2504 VH
389 2438 770 2504 cohortibus
818 2459 958 2503 esse
998 2437 1389 2523 Apolloniae
1434 2438 1666 2504 scribit
1700 2439 2082 2523 Antonium,
2131 2439 2243 2523 qui

204 2528 341 2592 iam
395 2530 512 2592 aut
566 2530 797 2610 captus
849 2529 950 2590 est
999 2525 1202 2611 (quod
1248 2526 1313 2591 di
1362 2524 1609 2612 duintl)
1658 2531 1773 2591 aut
1820 2531 1994 2592 certe
2040 2528 2241 2591 homo

207 2613 606 2682 verecundus
674 2614 744 2678 in
807 2613 1257 2680 Macedoniam
1320 2636 1455 2680 non
1518 2613 1794 2697 accedit,
1865 2636 1948 2678 ne
2014 2618 2243 2678 contra

209 2706 474 2770 senatus
530 2703 902 2768 consultum
945 2701 1176 2768 fecisse
1223 2702 1538 2766 videatur.
1629 2701 1926 2766 Dilectus
1973 2700 2241 2765 habitus

206 2793 279 2857 in
321 2790 704 2857 Macedonia
749 2795 851 2856 est
896 2812 1151 2855 summo
1201 2790 1274 2867 Q.
1320 2789 1638 2855 Hortensi
1684 2789 1901 2854 studio
1949 2791 2019 2853 et
2062 2788 2242 2853 indu-

120 2896 181 2937 ω
208 2879 399 2964 stria,
473 2878 692 2944 cuius‘
729 2879 1019 2944 animum
1092 2878 1431 2964 egregium
1502 2878 1899 2964 dignumque
1963 2877 2108 2960 ipso
2176 2881 2244 2940 et

208 2968 567 3034 maioribus
623 2967 761 3033 eius
817 2989 896 3032 ex
950 2967 1142 3031 Bruti
1195 2967 1437 3031 litteris
1490 2965 1858 3050 perspicere
1906 2964 2241 3048 potuistis.

208 3055 436 3142 Legio,
473 3077 670 3140 quam
705 3053 780 3120 L.
817 3054 972 3120 Piso
1011 3055 1305 3139 ducebat,
1341 3054 1600 3140 legatus
1634 3051 1903 3136 Antoni,
1941 3050 2240 3118 Ciceroni

209 3166 279 3210 se
323 3144 463 3208 filio
510 3165 655 3208 meo
701 3143 989 3208 tradidit.
1062 3142 1438 3228 Equitatus,
1486 3141 1598 3226 qui
1642 3141 1713 3204 in
1752 3139 2011 3224 Syriam
2058 3141 2243 3205 duce-

205 3233 407 3298 batur
430 3231 767 3316 bipertitO,
803 3232 970 3296 alter
998 3252 1144 3296 eum
1175 3235 1605 3315 quaestorem,
1638 3250 1678 3294 a
1706 3251 1834 3312 quo
1865 3229 2243 3313 ducebatur,

117 3334 180 3378 εδ
208 3320 478 3405 reliquit
520 3320 593 3385 in
627 3319 966 3384 Thessalia
1005 3341 1274 3403 seseque
1313 3319 1395 3383 ad
1429 3318 1711 3382 Brutum
1749 3317 2046 3402 contulit,
2085 3317 2242 3381 alte·

207 3431 357 3474 rum
418 3408 489 3472 in
541 3406 923 3473 Macedonia
979 3404 1093 3472 On.
1146 3405 1479 3472 Domitius
1544 3406 1920 3471 adulescens
1986 3427 2243 3470 summa

207 3498 473 3582 virtute,
514 3494 861 3582 gravitate,
897 3495 1268 3560 constantia
1304 3518 1344 3560 a
1378 3496 1600 3580 legato
1642 3492 1911 3579 Syriaco
1950 3493 2241 3559 abduxit.

1809 3597 1917 3651 32*
