2550 3875
785 136 940 192 CAP.
981 142 1192 192 22-25
1231 143 1262 205 6
1302 143 1529 195 51-56.
2050 140 2181 203 155

154 299 432 364 licebat?
478 322 564 363 an
610 299 979 365 accusatori
1023 300 1305 366 maiores
1350 301 1567 366 nostri
1607 302 1859 368 maiora
1893 301 2185 386 praemia

157 410 346 471 quam
389 388 698 452 bellatori
744 409 885 452 esse
931 389 1325 454 voluerunt?

285 476 530 552 Quodsi
582 475 1005 541 acerbissima
1049 478 1194 563 lege
1243 476 1522 543 Servilia
1565 477 1894 563 principes
1940 477 2068 543 viri
2114 482 2183 543 et
2203 476 2293 541 24

157 564 520 651 gravissimi
567 567 635 628 et
681 564 1152 648 sapientissimi
1198 566 1374 631 cives
1418 566 1589 631 hanc
1635 564 1921 649 Latinis,
1966 566 2034 631 id
2080 570 2183 631 est

101 667 131 708 ⁵
155 652 514 736 foederatis,
551 652 727 717 viam
764 652 846 716 ad
883 653 1218 719 civitatem
1252 654 1484 738 populi
1519 655 1706 719 iussu
1740 659 1967 739 patere
2003 655 2184 739 passi

155 743 302 805 sunt
342 761 553 824 neque
601 740 702 804 ius
749 744 852 806 est
894 740 1023 807 hoc
1065 742 1531 827 reprehensum
1568 741 1825 808 Licinia
1860 746 1929 808 et
1964 741 2185 808 Mucia
2262 782 2264 785 <

152 830 309 915 1636,
337 850 488 893 61116
513 829 903 912 praesertim
931 850 1138 916 genus
1163 830 1382 915 ipsum
1402 832 1837 897 accusationis
1859 834 1927 895 et
1943 852 2181 896 nomen

151 923 210 983 et
239 917 377 982 eius
415 916 594 981 modi
629 917 1016 1001 praemium,
1053 918 1227 1002 quod
1260 940 1457 985 nemo
1494 919 1765 1002 adsequi
1799 922 2027 1003 posset
2051 919 2183 983 nisi

154 1028 231 1073 ex
287 1004 609 1069 senatoris
666 1005 1070 1091 calamitate,
1133 1027 1345 1089 neque
1402 1008 1691 1071 senatori
1744 1028 1955 1090 neque
2008 1007 2183 1071 bono

69 1108 127 1149 1⁰
155 1094 454 1177 cuiquam
488 1092 686 1158 nimis
725 1093 1077 1159 iucundum
1113 1116 1256 1159 esse
1292 1098 1537 1179 posset,
1575 1094 2009 1160 dubitandum
2037 1094 2185 1176 fuit,

156 1182 336 1266 quin,
387 1203 516 1266 quo
562 1181 634 1245 in
679 1202 914 1283 genere
959 1182 1248 1247 iudicum
1294 1182 1589 1267 praemia
1630 1186 1779 1247 rata
1826 1184 2070 1266 essent,
2115 1182 2187 1245 in

152 1270 378 1335 eodem
438 1269 680 1334 iudicia
741 1270 1216 1355 imperatorum
1282 1270 1621 1335 valerent?
1713 1270 1893 1335 Num
1946 1269 2183 1334 fundos

154 1352 358 1443 igitur
399 1357 614 1423 factos
651 1359 933 1443 populos
970 1356 1242 1423 Latinos
1282 1358 1681 1423 arbitramur
1718 1363 1835 1423 aut
1872 1357 2185 1423 Serviliae

154 1447 286 1531 1631
331 1449 448 1510 aut
485 1447 739 1530 ceteris,
787 1447 1024 1531 quibus
1062 1446 1319 1511 Latinis
1357 1446 1735 1512 hominibus
1772 1450 1914 1511 erat
1949 1467 2184 1531 propo-

66 1546 126 1589 15
155 1535 356 1599 situm
410 1534 630 1617 aliqua
684 1557 763 1599 ex
816 1557 887 1599 re
940 1535 1305 1620 praemium
1362 1535 1697 1600 civitatis?
1788 1534 2184 1620 cognoscite
2206 1542 2275 1593 55

151 1645 326 1687 1111116
361 1621 672 1687 iudicium
709 1626 996 1708 senatuS,
1034 1624 1210 1706 quod
1247 1644 1505 1707 semper
1539 1622 1782 1688 iudicio
1822 1627 1924 1687 est
1958 1622 2187 1707 populi

155 1710 670 1792 comprobatum.
759 1710 960 1776 Sacra
997 1710 1272 1796 Cereris,
1308 1711 1575 1795 iudices,
1612 1733 1869 1775 summa
1904 1711 2186 1775 maiores

151 1797 366 1864 nostri
411 1798 726 1883 religione
773 1800 1006 1865 confici
1044 1800 1563 1883 caerimoniaque
1601 1800 1976 1883 voluerunt3
2024 1819 2188 1881 quae

155 1909 308 1953 611111
345 1890 563 1952 essent
600 1887 948 1972 adsumpta
979 1888 1058 1953 de
1089 1886 1381 1974 Graecia,
1410 1892 1479 1953 et
1504 1910 1621 1974 per
1652 1886 1933 1953 Graecas
1964 1889 2191 1952 curata

61 1999 126 2040 20
155 1979 315 2041 sunt
371 1997 628 2060 semper
682 1977 1052 2041 sacerdotes
1106 1980 1176 2042 et
1221 1976 1475 2042 Graeca
1520 1977 1786 2042 omnino
1831 1976 2189 2041 nominata.

155 2064 286 2130 Sed
314 2085 463 2128 cum
498 2064 702 2148 illam,
738 2086 902 2148 quae
935 2064 1256 2130 Graecum
1292 2065 1457 2130 illud
1494 2086 1753 2130 sacrum
1790 2067 2190 2129 monstraret

151 2157 224 2218 et
258 2152 522 2236 faceret,
559 2175 638 2217 ex
677 2151 952 2218 Graecia
988 2153 1367 2238 deligerent,
1406 2157 1629 2217 tamen
1664 2173 1852 2217 sacra
1887 2174 2009 2237 pro
2038 2151 2190 2216 civi·

152 2243 280 2306 bus
319 2241 528 2306 civem
562 2240 776 2306 facere
809 2242 1175 2325 voluerunt,
1209 2245 1289 2306 ut
1316 2242 1472 2306 deos
1500 2242 1887 2305 inmortales
1918 2239 2193 2305 scientia

58 2438 120 2480 25
151 2333 976 2483 {eeissssrffiffsfflffis
994 2333 1212 2482 ”3533
1238 2329 2194 2500 εἶῖῗξίῗῗθῖῖἓίᾗῖᾏὲἔῗῧ

150 2505 498 2572 Velienses
552 2505 786 2590 fuisse,
843 2505 1324 2570 foederatarum
1380 2506 1519 2570 61116
1574 2505 1773 2570 dubio
1831 2505 2193 2570 civitatum.

149 2593 358 2658 Mitto
394 2597 642 2678 vetera3
686 2594 981 2679 proxime
1024 2593 1168 2658 dico
1207 2598 1360 2659 ante
1398 2594 1736 2659 civitatem
1771 2592 2191 2658 Veliensibus

149 2683 382 2746 datam
418 2682 496 2746 de
535 2686 803 2746 senatus
841 2682 1169 2747 sententia
1197 2681 1266 2747 G.
1296 2681 1640 2747 Valerium
1666 2681 1977 2746 Flaccum
2013 2703 2194 2766 prae-

149 2776 372 2834 torem
416 2771 740 2836 urbanum
787 2770 1179 2836 nominatim
1218 2771 1301 2835 ad
1334 2771 1653 2855 populum
1690 2771 1768 2835 de
1807 2768 2195 2854 Calliphana

55 2879 120 2920 so
159 2857 485 2942 Veliense,
517 2863 596 2924 ut
621 2881 702 2924 ea
729 2859 888 2924 civis
917 2859 1215 2924 Romana
1242 2863 1437 2942 esset,
1472 2859 1723 2922 tulisse.
1778 2857 1959 2922 Num
1986 2858 2195 2942 igitur

149 2950 278 3011 aut
311 2946 548 3012 fundos
581 2946 794 3013 factos
823 2947 1164 3012 Velienses
1194 2949 1311 3011 aut
1340 2947 1746 3011 sacerdotem
1773 2946 1958 3009 illam
1988 2946 2196 3010 civem

146 3035 528 3100 Romanam
571 3035 820 3100 factam
861 3056 997 3101 non
1041 3056 1184 3099 6666
1230 3038 1348 3099 aut
1390 3034 1621 3099 foedus
1668 3038 1737 3098 et
1782 3055 1822 3098 a
1858 3037 2091 3098 senatu
2129 3038 2197 3098 et

147 3145 194 3188 a
240 3123 490 3207 populo
537 3123 836 3188 Romano
872 3123 1194 3187 violatum
1239 3122 1687 3187 arbitramur?

293 3210 652 3297 Intellego,
730 3211 976 3276 iudices
990 3261 1008 3294 ‚
1079 3211 1154 3276 in
1225 3233 1425 3276 causa
1496 3214 1726 3295 aperta
1797 3208 2194 3293 minimeque
2216 3179 2303 3244 25

49 3318 114 3360 65
147 3299 364 3364 dubia
422 3299 634 3364 multo
690 3303 759 3364 et
801 3299 995 3384 plura
1039 3303 1108 3364 et
1153 3321 1194 3364 a
1237 3300 1539 3383 pluribus
1584 3297 2007 3382 peritissimis
2054 3320 2197 3362 esse
2216 3271 2285 3321 ⁵⁶

143 3387 366 3470 dicta,
427 3408 624 3470 quam
669 3409 775 3452 res
818 3387 1205 3472 postularet.
1300 3385 1428 3451 Sed
1470 3387 1539 3451 id
1584 3386 1836 3451 factum
1882 3389 2010 3470 est,
2062 3407 2199 3452 non

141 3479 230 3540 ut
300 3474 489 3541 vobis
553 3497 694 3541 rem
757 3479 898 3557 tam
955 3475 1369 3561 perspicuam
1425 3475 1696 3540 dicendo
1750 3475 2200 3559 probaremus,
