2550 3875
345 169 479 232 402
628 167 708 221 IN
744 167 817 221 M.
856 163 1247 220 ANTONIUM
1285 164 1556 220 ORATIO
1590 161 1999 219 PHILIPPICA
2035 163 2104 216 11.
2150 215 2158 222 ,

346 330 407 395 01
461 349 685 393 rursus
740 327 963 392 nescio
1026 348 1153 412 quo
1208 326 1404 391 modo
1449 325 1812 390 familiaris,
1901 324 2214 388 Habebat
2259 323 2401 389 hoc

347 418 613 483 omnino
680 414 945 481 Caesar:
1020 435 1211 499 quem
1282 414 1474 497 plane
1547 413 1878 497 perditum
1953 434 2097 477 aere
2168 412 2399 476 alieno

348 511 795 591 egentemque,
840 502 899 569 si
945 502 1219 568 eundem
1253 523 1537 586 nequam
1572 501 1906 566 hominem
1944 501 2399 583 audacemque

347 596 695 678 cognorat,
738 592 912 657 hunc
956 591 1028 655 in
1072 590 1591 655 familiaritatem
1635 588 2070 654 libentissime
2115 587 2396 671 recipie-

260 695 325 741 79
346 681 481 746 bat.
578 679 704 744 His
749 681 957 765 igitur
1000 680 1195 744 rebus
1240 679 1572 763 praeclare
1619 679 2110 742 commendatus
2156 676 2388 740 iussus
2451 701 2478 740 5

348 791 416 834 es
451 768 814 833 renuntiari
842 768 1087 850 consul,
1124 771 1191 831 et
1221 767 1482 850 quidem
1512 787 1658 831 cum
1685 767 1853 849 ipso.
1927 763 2114 830 Nihil
2145 785 2396 848 queror

348 858 425 921 de
479 856 854 940 Dolabella,
900 856 1011 940 qui
1058 860 1202 919 tum
1248 858 1350 918 est
1395 855 1720 937 inpulsus,
1764 854 2096 936 inductus,
2141 852 2393 916 elusus.

349 945 492 1021 Qua
545 946 615 1008 in
668 966 739 1010 re
795 947 1041 1028 quanta
1091 942 1294 1007 fuerit
1337 946 1612 1026 uberque
1657 947 1948 1006 vestrum
1992 940 2272 1025 perfidia
2317 941 2393 1004 in

345 1032 791 1116 Dolabellam,
853 1032 998 1116 quis
1062 1031 1372 1116 ignorat?
1426 1030 1538 1095 1110
1596 1029 1906 1113 [induxit,
1957 1033 2034 1093 ut
2078 1030 2388 1112 peteret,]

346 1121 744 1205 promissum
782 1124 849 1184 et
885 1123 1221 1203 receptum
1255 1118 1629 1182 intervertit
1669 1118 1750 1182 ad
1779 1139 1976 1201 seque
2005 1117 2390 1199 transtulit;
2419 1141 2472 1180 ιο

347 1213 421 1273 tu
450 1210 589 1274 eius
617 1209 925 1293 perfidiae
954 1208 1364 1272 voluntatem
1393 1210 1577 1270 tuam
1597 1206 2022 1290 adscripsisti.
2088 1203 2391 1268 Veniunt

348 1296 679 1362 Kalendae
724 1296 1092 1380 Ianuariae3
1140 1295 1436 1379 cogimur
1470 1295 1543 1358 in
1578 1298 1906 1376 senatum3
1941 1293 2242 1358 invectus
2284 1297 2390 1356 est

350 1386 678 1470 copiosius
727 1385 936 1448 multo
982 1384 1051 1447 in
1096 1383 1303 1447 istum
1343 1386 1416 1446 et
1461 1382 1754 1465 paratius
1792 1381 2138 1446 Dolabella
2185 1401 2388 1464 quam

258 1487 329 1536 80
346 1495 520 1538 nunc
584 1492 725 1558 ego.
832 1469 961 1536 Hic
1026 1475 1246 1536 autem
1309 1470 1518 1534 iratus
1583 1491 1748 1554 quae
1803 1470 1995 1552 dixit,
2067 1469 2132 1532 di
2199 1469 2386 1533 boni!

348 1561 645 1625 Primum
692 1581 839 1624 cum
886 1558 1124 1624 Caesar
1171 1559 1566 1624 ostendisset
1612 1579 1708 1641 se,
1761 1558 2141 1641 priusquam
2189 1556 2385 1640 profi·
2417 1581 2466 1620 ιε

350 1649 719 1730 cisceretur,
764 1646 1177 1712 Dolabellam
1224 1647 1558 1712 consulem
1603 1667 1744 1710 esse
1791 1646 2121 1710 iussurum
2159 1643 2384 1728 (quem

349 1740 594 1821 negant
631 1755 869 1820 regem,
917 1735 1027 1819 qui
1066 1740 1133 1799 et
1168 1734 1414 1799 faceret
1453 1755 1708 1817 semper
1743 1733 1882 1797 eius
1921 1733 2097 1802 modi
2135 1732 2382 1816 aliquid

350 1829 418 1888 et
445 1821 715 1910 diceret)
738 1858 822 1870 -—-
844 1823 957 1887 sed
986 1845 1135 1888 cum
1154 1823 1396 1888 Caesar
1422 1822 1520 1886 ita
1546 1822 2005 1906 dixisset,.tum
2033 1821 2140 1885 hic
2169 1821 2380 1884 bonus

352 1933 561 1998 augur
596 1933 673 1977 eo
712 1932 781 1977 se
819 1911 1183 1977 sacerdotio
1220 1910 1591 1995 praeditum
1617 1931 1760 1975 esse
1789 1910 1972 1993 dixit,
2009 1913 2084 1973 ut
2111 1909 2380 1974 comitia

351 2001 661 2085 auspiciis
697 2001 801 2065 vel
837 1999 1128 2084 inpedire
1166 2000 1269 2064 vel
1307 2000 1541 2063 vitiare
1577 2002 1821 2083 posset,
1858 1998 2052 2081 idque
2078 2019 2150 2061 se
2176 1996 2378 2061 factu·
2405 2022 2454 2061 20

349 2111 497 2154 rum
556 2110 697 2155 esse
754 2088 1170 2153 adseveravit.
1270 2086 1353 2151 In
1407 2107 1538 2171 quo
1591 2088 1876 2170 primum
1931 2085 2378 2150 incredibilem

262 2191 327 2239 81
353 2177 808 2261 stupiditatem
860 2176 1145 2240 hominis
1204 2175 1595 2260 cognoscite.
1697 2174 1868 2251 Quid
1910 2172 2132 2238 enim?
2187 2173 2377 2255 istud,

356 2265 527 2349 quod
574 2269 641 2328 te
688 2263 1035 2328 sacerdotii
1080 2264 1219 2328 iure
1265 2262 1478 2327 facere
1523 2284 1714 2347 posse
1759 2261 2014 2343 dixisti,
2068 2260 2126 2325 si
2171 2280 2378 2346 augur

352 2372 485 2415 non
550 2372 724 2416 esses
790 2356 857 2415 et
912 2352 1139 2416 consul
1196 2372 1400 2434 esses,
1471 2351 1685 2415 minus
1741 2349 1953 2414 facere
2008 2348 2374 2433 potuisses?

354 2438 539 2521 Vide,
574 2461 656 2503 ne
695 2439 893 2503 etiam
928 2438 1204 2504 facilius,
1287 2438 1428 2503 Nos
1458 2439 1630 2503 enim
1657 2438 2139 2503 nuntiationem
2167 2438 2374 2502 solum
2401 2462 2448 2502 25

350 2528 685 2609 habemus,
731 2528 1027 2592 consules
1068 2532 1135 2591 et
1171 2527 1408 2610 reliqui
1443 2528 1870 2613 magistratus
1908 2525 2110 2590 etiam
2149 2525 2373 2609 specti-

354 2636 562 2680 onem.
652 2615 849 2699 Esto,
901 2616 1027 2681 hoc
1071 2615 1404 2699 imperite;
1459 2636 1579 2679 nec
1623 2615 1806 2701 enim(
1843 2618 1943 2678 est
1987 2615 2071 2678 ab
2118 2613 2372 2678 homine

351 2724 709 2805 numquam
782 2703 1003 2768 sobrio
1076 2702 1468 2803 postulanda
1538 2701 1909 2785 prudentia3
1981 2701 2096 2767 sed
2169 2701 2372 2802 videte

352 2792 851 2945 ζ’ἑΡῧᾶέιῖῗέΕίθ
908 2790 1174 2943 ἒὲἓῖἐῗα
1208 2794 1360 2942 ⁸32²
1380 2791 1876 2962 §332¹ssssssAE
1909 2789 2373 2961 Jssffiisdffi
2396 2902 2445 2942 ω

352 2969 421 3032 id
475 2967 803 3033 facturum
858 2988 995 3031 esse
1006 3017 1023 3050 ,
1090 2967 1261 3050 quod
1317 2965 1490 3031 fecit.
1591 2966 2035 3049 Quisquamne
2091 2965 2370 3029 divinare

352 3059 591 3140 potest,
641 3055 796 3139 quid
841 3054 991 3119 vitii
1036 3054 1107 3119 in
1152 3054 1457 3137 auspiciis
1503 3054 1796 3119 futurum
1843 3054 1951 3137 sit,
1984 3052 2114 3117 nisi
2150 3050 2371 3136 quide

356 3144 534 3208 caelo
599 3164 856 3209 servare
920 3142 1310 3207 constituit?
1377 3143 1550 3226 quod
1612 3163 1819 3227 neque
1883 3142 2041 3207 licet
2096 3141 2372 3205 comitiis

355 3252 471 3314 per
507 3231 704 3315 leges,
748 3236 833 3314 et,
880 3230 936 3294 si
976 3230 1088 3313 qui
1126 3230 1427 3315 servavit,
1469 3252 1602 3295 non
1640 3229 1923 3296 comitiis
1959 3228 2225 3311 habitis,
2267 3229 2372 3293 sed

355 3318 735 3400 priusquam
762 3319 1145 3403 habeantur,
1182 3319 1376 3382 debet
1401 3319 1720 3383 nuntiare.
1793 3317 2041 3383 Verum
2069 3316 2372 3400 inplicata
2394 3342 2440 3382 so

357 3404 703 3469 inscientia
746 3405 1126 3488 inpudentia
1174 3407 1306 3485 est3
1347 3426 1465 3471 nec
1504 3406 1647 3490 scit,
1686 3406 1858 3490 quod
1895 3425 2228 3491 augurem,
2261 3426 2368 3469 nec

271 3500 337 3548 82
360 3489 535 3572 facit,
583 3492 754 3574 quod
800 3492 1150 3575 pudentem
1197 3492 1397 3557 decet.
1487 3492 1720 3577 Itaque
1767 3516 1844 3559 ex
1881 3495 1998 3559 illo
2036 3494 2138 3557 die
2176 3514 2368 3559 recor-
