2550 3875
901 168 1055 224 CAP.
1099 175 1238 222 1-4
1274 175 1306 235 ς
1342 175 1498 224 4-9.
2114 169 2240 233 137

206 331 355 394 nari
399 330 649 396 volunt.
739 329 921 416 Ergo
969 331 1040 395 in
1083 331 1397 395 iudicium
1434 335 1630 416 caput
1668 330 1952 416 Corneli,
1995 331 2246 397 factum

208 419 486 503 Pompei
538 421 830 484 vocatur.
911 418 1105 484 Hunc
1160 419 1340 484 enim
1389 419 1460 484 in
1515 440 1592 483 ea
1647 419 1942 504 civitate,
1993 419 2067 484 in
2117 441 2247 504 qua

213 507 304 572 sit
354 511 582 590 natus,
636 506 1104 571 honestissimo
1158 507 1306 572 loco
1360 511 1592 572 natum
1643 528 1784 571 esse
1832 507 2131 573 concedis
2178 512 2246 572 et

214 596 297 660 ab
334 594 598 660 ineunte
638 598 853 659 aetate
890 595 1141 660 relictis
1179 596 1376 660 rebus
1405 595 1540 660 suis
1570 595 1874 660 omnibus
1901 595 1973 660 in
1997 596 2245 661 nostris

158 699 186 740 ⁵
213 683 406 748 bellis
439 683 689 748 nostris
728 705 877 748 cum
913 683 1421 767 imperatoribus
1449 705 1590 748 esse
1617 688 1968 768 versatum,
2000 684 2247 749 nullius

213 771 487 855 laboris,
545 771 791 836 nullius
848 771 1272 855 opsessioniS,
1325 771 1570 837 nullius
1624 771 1860 855 proelii
1914 776 2249 856 expertem

213 859 433 924 fuisse.
506 858 688 924 Haec
717 863 874 924 sunt
902 860 1122 926 omnia
1151 881 1301 924 cum
1325 861 1522 944 plena
1547 860 1778 944 laudis,
1810 863 1954 924 tum
1980 862 2248 944 propria

216 945 497 1032 Corneli,
532 970 651 1013 nec
688 947 759 1012 in
793 948 877 1012 iis
915 949 1112 1013 rebus
1151 949 1399 1014 crimen
1435 952 1538 1013 est
1572 948 1799 1012 ullum.
1874 947 2007 1013 Ubi
2039 949 2247 1034 igitur
2268 958 2298 1006 ’τ

217 1040 320 1100 est
381 1036 669 1101 crimen?
763 1035 971 1111 ‘Quod
1026 1058 1176 1101 eum
1230 1036 1584 1120 Pompeius
1640 1035 1908 1101 civitate
1963 1037 2247 1102 donavit.

139 1141 187 1180 ιο
214 1123 430 1189 Huius
468 1124 757 1189 crimen?
838 1123 1129 1209 Minime,
1164 1124 1295 1190 nisi
1331 1125 1543 1189 honos
1569 1124 1934 1209 ignominia
1959 1124 2252 1208 putanda

216 1216 335 1277 est.
426 1211 629 1278 Cuius
678 1212 929 1298 igitur?
1020 1211 1118 1277 Re
1162 1234 1319 1278 vera
1361 1212 1636 1295 nulline,
1691 1212 1948 1277 actione
1996 1233 2250 1278 accusa·

216 1301 383 1366 toris
430 1301 569 1366 eius
615 1301 826 1383 unius,
874 1300 987 1384 qui
1033 1300 1319 1366 donavit.
1379 1300 1541 1376 ‘Qui
1583 1299 1641 1364 si
1676 1301 1995 1366 adductus
2033 1301 2252 1386 gratia

216 1389 433 1454 minus
460 1389 767 1454 idoneum
793 1388 1128 1453 hominem
1154 1389 1446 1473 praemio
1475 1388 1843 1473 adfecisset,
1872 1388 2030 1472 quin
2048 1389 2250 1453 etiam

216 1478 275 1542 si
338 1478 553 1541 virum
616 1477 889 1562 bonum,
954 1478 1067 1542 sed
1119 1497 1255 1542 non
1309 1477 1406 1542 ita
1461 1477 1796 1561 meritum,
1861 1477 1919 1540 si
1973 1473 2250 1561 denique

139 1579 188 1620 15
217 1565 468 1649 aliquid
508 1586 646 1630 non
692 1568 947 1648 contra,
1004 1586 1079 1631 ac
1124 1565 1382 1648 liceret,
1438 1564 1688 1630 factum
1735 1528 2086 1649 diceretur,
2119 1565 2251 1630 sed

219 1657 468 1736 contra,
512 1657 711 1737 atque
759 1657 1113 1738 oporteret,
1158 1657 1383 1718 tamen
1428 1657 1600 1718 esset
1643 1653 1856 1718 omnis
1894 1653 2034 1718 eius
2072 1653 2252 1718 modi

216 1737 636 1825 reprehensio
684 1763 725 1805 a
768 1741 985 1827 vobis,
1030 1741 1304 1826 iudices,
1349 1741 1764 1826 repudianda.
1855 1740 2049 1806 Nunc
2094 1763 2249 1806 vero
2271 1751 2304 1802 8

219 1829 378 1914 quid
414 1829 700 1895 dicitur?
749 1829 905 1914 quid
942 1830 1037 1894 ait
1074 1830 1460 1895 accusator?
1547 1829 1810 1895 Fecisse
1846 1829 2252 1913 Pompeium,

220 1918 395 2003 quod
448 1917 510 1983 ei
559 1917 773 1983 facere
816 1940 952 1983 non
996 1917 1284 2004 licuerit;
1339 1918 1512 2003 quod
1559 1918 1824 2005 gravius
1871 1921 1999 2002 est,
2056 1940 2254 2003 quam

138 2022 192 2062 20
218 2007 277 2071 si
313 2007 381 2073 id
416 2006 669 2072 factum
706 2008 790 2073 ab
827 2028 905 2072 eo
944 2007 1208 2091 diceret,
1246 2007 1418 2092 quod
1453 2028 1589 2072 non
1625 2006 2045 2092 oportuisset.
2126 2005 2254 2070 Est

216 2094 394 2159 enim
438 2095 713 2180 aliquid,
761 2096 936 2179 quod
978 2117 1114 2160 non
1160 2099 1490 2179 oporteat,
1538 2094 1798 2160 etiamsi
1843 2094 2031 2178 licet3'
2074 2094 2252 2177 quic-

219 2182 376 2267 quid
421 2204 576 2248 vero
621 2204 757 2248 non
800 2183 984 2267 licet,
1030 2187 1207 2249 certe
1251 2205 1388 2248 non
1433 2187 1713 2267 oportet.

350 2270 481 2336 Hic
516 2291 650 2356 -ego
695 2293 869 2336 nunc
916 2275 1183 2337 cuncter
1230 2271 1326 2337 sic
1371 2292 1584 2358 agere,
1630 2271 1896 2355 iudices,
1939 2291 2075 2335 non
2110 2291 2252 2335 esse
2273 2269 2318 2335 4

217 2358 320 2424 fas
358 2359 665 2444 dubitari,
705 2359 880 2444 quin,
919 2359 1092 2444 quod
1130 2358 1245 2426 Cn.
1278 2359 1668 2444 Pompeium
1702 2358 1937 2424 fecisse
1977 2362 2255 2443 constet,

138 2462 190 2504 2⁵
218 2448 287 2511 id
338 2469 475 2512 non
528 2448 744 2514 solum
792 2447 1083 2531 licuisse,
1138 2447 1250 2513 sed
1299 2448 1500 2512 etiam
1547 2447 1839 2513 decuisse
1883 2446 2256 2511 fateamur?

221 2534 394 2612 Quid
447 2535 623 2599 enim
679 2536 867 2601 abest
914 2535 1068 2601 huic
1113 2535 1392 2620 homini,
1448 2536 1622 2620 quod
1669 2536 1726 2600 si
1771 2535 2058 2619 adesset,
2111 2535 2252 2599 iure
2274 2544 2308 2593 9

218 2623 381 2688 haec
422 2624 484 2689 ei
520 2623 728 2688 tribui
766 2627 833 2689 et
871 2623 1134 2689 concedi
1172 2624 1599 2708 putaremus?
1689 2622 1951 2689 Ususne
1989 2623 2256 2688 rerum?

221 2711 349 2789 Qui
422 2712 743 2795 pueritiae
808 2715 1076 2813 tempus
1134 2716 1500 2777 extremum
1562 2710 1959 2813 principium
2022 2710 2258 2776 habuit

217 2800 544 2865 bellorum
600 2804 797 2884 atque
825 2800 1273 2901 ‘imperiorum
1319 2799 1780 2885 maximorum,
1836 2799 2018 2864 cuius
2065 2798 2259 2882 pleri-

138 2904 193 2945 80
222 2909 347 2972 que
400 2888 705 2972 aequales
751 2888 968 2953 minus
1016 2909 1209 2972 saepe
1257 2892 1476 2953 castra
1521 2887 1883 2972 viderunt,
1906 2908 2104 2970 quam
2147 2884 2258 2949 hic
2359 2942 2367 2949 .

219 2975 671 3060 triumphavit,
720 2976 832 3060 qui
878 2980 983 3042 tot
1027 2975 1231 3040 habet
1272 2976 1663 3060 triumphos,
1712 2978 1875 3059 quot
1912 2995 2064 3038 orae
2103 2976 2258 3037 sunt

218 3068 570 3165 partesque
622 3067 973 3149 terrarum,
1029 3067 1135 3129 tot
1177 3063 1492 3129 victorias
1537 3064 1836 3147 bellicaS,
1893 3064 2056 3145 quot
2103 3064 2259 3124 sunt

218 3151 291 3218 in
352 3173 572 3217 rerum
632 3157 873 3219 natura
935 3172 1178 3239 genera
1244 3153 1587 3217 bellorum.
1704 3150 1814 3216 An
1875 3148 2260 3234 ingenium?

220 3238 345 3306 Oui
384 3241 586 3305 etiam
621 3240 750 3325 ipsi
774 3262 979 3307 casus
1018 3244 1420 3325 eventusque
1457 3261 1676 3304 rerum
1711 3259 1847 3303 non
1883 3236 2097 3318 duces,
2145 3236 2260 3300 sed

138 3343 192 3384 ³⁶
222 3328 498 3393 comites
555 3329 978 3395 consiliorum
1031 3328 1328 3412 fuerunt,
1381 3328 1456 3391 in
1506 3349 1635 3412 quo
1681 3347 1812 3390 uno
1859 3325 1958 3388 ita
2005 3346 2263 3389 summa

217 3414 487 3485 fortuna
519 3438 668 3482 eum
697 3439 953 3482 summa
979 3416 1227 3480 virtute
1257 3414 1554 3499 certavit,
1591 3418 1668 3479 ut
1697 3412 1992 3477 omnium
2019 3411 2260 3477 iudicio

216 3503 369 3589 plus
424 3504 677 3569 homini
730 3525 927 3588 quam
984 3504 1143 3567 deae
1198 3504 1620 3567 tribueretur.
1728 3501 1840 3564 An
1883 3498 2121 3584 pudor,
2176 3520 2263 3562 an
