2550 3875
817 164 972 220 cAP.
1015 171 1220 220 16—19
1258 171 1289 232 s
1327 172 1555 222 44-50.
2070 166 2202 232 299

64 332 70 361 ¹
169 326 406 393 fectae.
496 325 791 390 Primum
838 330 1012 391 certe
1057 326 1379 392 liberatur
1413 328 1575 393 Milo
1620 351 1754 394 non
1800 350 1877 394 eo
1924 328 2199 393 consilio

62 424 68 463 ='
169 414 512 499 profectus
560 434 727 493 esse,
782 418 858 479 ut
903 414 1322 480 insidiaretur
1368 416 1438 480 in
1486 416 1593 481 via
1639 416 1867 483 Clodio
1878 468 1895 501 ,
1942 417 2200 500 quippe,

60 514 63 551 :
173 503 238 567 si
300 502 412 567 ille
468 502 698 567 obvius
753 502 814 566 ei
865 501 1128 568 futurus
1186 504 1450 569 omnino
1503 527 1638 570 non
1691 510 1851 570 erat.
1948 503 2198 569 Deinde

58 634 62 641 ·
172 589 342 675 (non
385 591 560 655 enim
603 590 818 673 video,
863 612 980 655 cur
1022 613 1156 656 non
1202 613 1418 657 mcum
1464 614 1720 678 quoque
1767 612 1959 678 agam
2003 612 2200 677 nego·

56 692 60 731 ῑ
100 705 135 745 s
172 677 373 765 tium)
422 679 624 761 scitis,
670 678 933 761 iudiceS,
979 677 1198 763 fuisse,
1244 681 1359 763 qui
1402 681 1474 746 in
1516 680 1641 747 hac
1677 681 2018 767 rogatione
2058 701 2199 745 sua-

169 768 385 832 denda
457 767 745 832 dicerent
807 765 1075 832 Milonis
1146 788 1345 833 manu
1409 769 1667 834 caedem
1732 790 1872 835 esse
1934 767 2197 852 factam,

52 872 56 909 ῑ
168 855 450 921 consilio
496 876 649 920 vero
697 855 964 920 maioris
1011 856 1302 921 alicuius.
1373 856 1482 921 Me
1526 858 1827 923 videlicet
1874 857 2197 922 latronem

171 966 254 1008 ac
307 943 615 1009 sicarium
672 943 910 1008 abiecti
962 944 1262 1009 homines
1318 948 1387 1009 et
1437 945 1677 1029 perditi
1728 945 2195 1011 describebant.

169 1031 404 1097 Iacent
455 1031 591 1096 suis
645 1031 928 1096 testibus
985 1032 1088 1114 [ii]
1102 1083 1119 1115 ,
1175 1034 1287 1117 qui
1332 1031 1633 1099 Clodium
1676 1038 1922 1120 negant
1968 1055 2045 1099 eo
2093 1033 2195 1097 die

65 1148 136 1187 10
171 1120 474 1198 Romam,
517 1119 646 1184 nisi
691 1120 770 1184 de
805 1118 979 1203 Cyro
1027 1120 1332 1205 audisset,
1375 1119 1577 1186 fuisse
1623 1122 2002 1187 rediturum.
2074 1120 2197 1185 Re—

46 1230 48 1233 *
171 1208 436 1293 spiravi,
464 1208 779 1272 liberatus
810 1228 982 1293 sum3
1008 1230 1142 1273 non
1167 1230 1413 1287 vereor,
1440 1230 1539 1288 ne,
1568 1210 1741 1295 quod
1768 1232 1850 1275 ne
1878 1209 2197 1293 suspicari

171 1296 436 1380 quidem
471 1296 817 1382 potuerim,
854 1296 1075 1361 videar
1110 1296 1178 1361 id
1215 1296 1560 1382 cogitasse.
1616 1296 1807 1363 Nunc
1841 1318 2195 1383 persequar
2214 1312 2284 1362 48

171 1389 410 1450 cetera.
501 1383 676 1450 Nam
731 1384 1015 1450 occurrit
1060 1384 1248 1449 illud:
1333 1384 1572 1471 ‘Igitur
1615 1407 1697 1451 ne
1743 1385 2011 1452 Clodius
2059 1386 2195 1469 qui-

169 1475 322 1538 dem
385 1473 464 1538 de
527 1472 784 1537 insidiis
848 1472 1191 1557 cogitavit,
1257 1474 1566 1559 quoniam
1630 1474 1758 1539 fuit
1810 1474 1881 1539 in
1934 1474 2193 1539 Albano

73 1587 133 1629 15
173 1559 563 1626 mansurus?
639 1558 710 1625 Si
753 1560 1013 1643 quidem
1051 1560 1342 1626 exiturus
1380 1562 1462 1626 ad
1499 1562 1762 1627 caedem
1798 1585 1833 1627 e
1869 1561 2029 1627 villa
2061 1585 2196 1628 non

165 1650 422 1715 fuisset.
495 1647 705 1713 Video
753 1648 926 1713 enim
969 1648 1174 1733 illum,
1221 1650 1333 1735 qui
1378 1649 1633 1714 dicatur
1674 1650 1751 1715 de
1789 1649 1944 1734 Cyri
1982 1655 2193 1717 morte

165 1738 537 1820 nuntiasse,
589 1758 725 1801 non
777 1736 844 1800 id
897 1738 1260 1823 nuntiasse,
1316 1738 1429 1802 sed
1481 1737 1796 1803 Milonem
1850 1739 2194 1823 appropin-

169 1848 390 1911 quare.
481 1822 656 1889 Nam
709 1824 866 1908 quid
920 1824 998 1888 de
1043 1824 1217 1909 Cyro
1271 1826 1631 1909 nuntiaret,
1685 1847 1878 1909 quem
1924 1826 2192 1892 Clodius

167 1915 384 1980 Roma
447 1912 865 1998 proficiscens
930 1913 1285 1998 reliquerat
1348 1914 1780 1980 morientem?
1874 1913 2024 1980 Una
2076 1914 2192 1999 fui,

69 2033 133 2072 πο
167 2006 640 2070 testamentum
653 2002 848 2067 simul
869 2002 1212 2088 obsignavi
1228 2005 1403 2084 [cum
1419 2001 1675 2084 Clodio]
1690 2029 1706 2088 3
1722 2007 2191 2069 testamentum

165 2098 390 2159 autem
451 2092 670 2176 palam
733 2090 977 2156 fecerat
1040 2095 1109 2155 et
1159 2091 1349 2155 illum
1401 2092 1705 2156 heredem
1759 2095 1826 2156 et
1878 2113 1981 2156 me
2039 2092 2191 2156 scri-

163 2185 406 2267 pserat.
516 2178 722 2256 Quem
784 2178 992 2263 pridie
1046 2179 1212 2244 hora
1265 2180 1465 2244 tertia
1519 2180 1804 2244 animam
1858 2179 2191 2244 efflantem

165 2270 559 2355 reliquisset,
602 2289 752 2332 eum
796 2271 1130 2332 mortuum
1173 2268 1491 2351 postridie
1530 2268 1695 2333 hora
1730 2268 1981 2333 decima
2017 2268 2191 2333 deni-

169 2379 295 2442 que
340 2357 400 2420 ei
443 2355 911 2421 nuntiabatur?
975 2355 1140 2441 Age,
1186 2356 1275 2421 sit
1319 2357 1416 2421 ita
1455 2355 1728 2440 factum3
1776 2377 1939 2440 quae
1977 2377 2189 2438 causa,

71 2471 134 2513 25
170 2467 286 2510 cur
330 2444 608 2509 Romam
659 2448 1064 2528 properaret,
1120 2465 1235 2508 cur
1284 2444 1355 2508 in
1398 2449 1657 2510 noctem
1702 2466 1771 2508 se
1818 2445 2188 2510 coniceret?

164 2533 420 2618 Ecquid
449 2532 759 2597 afferebat
777 2531 1236 2617 festinationis,
1265 2533 1439 2616 quod
1454 2532 1644 2598 heres
1664 2533 1848 2597 erat?
1893 2532 2191 2598 Primum

167 2625 309 2686 erat
353 2620 546 2704 nihil,
601 2642 714 2685 cur
759 2624 1111 2704 properato
1158 2641 1323 2705 opus
1372 2624 1569 2706 esset3
1626 2620 1882 2705 deinde,
1928 2622 1986 2685 si
2032 2621 2190 2705 quid

165 2715 359 2792 esset,
396 2709 552 2792 quid
588 2709 852 2773 tandem
889 2712 1049 2792 erat,
1086 2709 1257 2792 quod
1289 2730 1364 2772 ca
1388 2712 1581 2773 nocte
1610 2709 1919 2792 consequi
1945 2712 2191 2793 posset,

165 2798 500 2863 amitteret
546 2801 790 2881 autem,
841 2797 898 2861 si
942 2797 1257 2881 postridie
1305 2795 1585 2861 Romam
1629 2818 1811 2861 mane
1856 2796 2187 2862 venisset?

68 2914 132 2955 so
164 2886 384 2970 Atque
439 2890 516 2950 ut
570 2884 668 2949 illi
717 2889 1075 2951 nocturnus
1123 2885 1204 2949 ad
1248 2884 1477 2949 urbem
1524 2885 1839 2950 adventus
1884 2884 2187 2949 vitandus

161 2975 386 3060 potius
427 2996 622 3058 quam
649 2973 1044 3057 expetendus
1073 2972 1219 3056 fuit,
1257 2973 1353 3036 sic
1380 2972 1630 3056 Miloni,
1669 2993 1816 3037 cum
1843 2971 2189 3037 insidiator

163 3065 356 3149 esset,
393 3063 451 3127 si
485 3063 675 3127 illum
713 3062 795 3127 ad
820 3061 1050 3126 urbem
1074 3065 1268 3126 nocte
1296 3081 1707 3126 accessurum
1737 3059 2003 3142 sciebat,
2041 3058 2187 3124 sub-

161 3151 500 3217 sidendum
547 3154 743 3233 atque
789 3149 1295 3233 exspectandum
1338 3148 1484 3214 fuit.
1555 3145 1767 3212 Nemo
1815 3148 1875 3211 ei
1914 3147 2186 3232 neganti
2205 3158 2275 3210 50

158 3261 295 3304 non
341 3238 750 3321 credidisset,
795 3257 989 3321 quem
1034 3258 1175 3302 esse
1224 3259 1449 3302 omnes
1496 3236 1747 3301 salvum
1794 3235 1993 3300 etiam
2039 3256 2186 3300 con-

68 3354 128 3397 35
162 3327 458 3392 fitentem
493 3325 743 3391 volunt.
808 3324 1242 3390 Sustinuisset
1276 3326 1405 3390 hoc
1442 3325 1688 3390 crimen
1721 3323 2008 3408 primum
2043 3323 2185 3408 ipse

159 3416 272 3481 ille
318 3415 651 3479 latronum
697 3413 1060 3480 occultator
1105 3416 1172 3478 et
1207 3417 1508 3497 receptor
1542 3413 1744 3496 locus,
1791 3434 1940 3479 cum
1974 3433 2184 3496 neque

161 3507 344 3568 muta
399 3502 684 3568 solitudo
730 3502 1082 3568 indicasset
1123 3523 1334 3586 neque
1382 3522 1571 3567 caeca
1614 3522 1744 3565 nox
1791 3500 2183 3566 ostendisset

2217 2325 2295 2389 19

2210 2415 2277 2464 49
