2550 3875
373 166 508 231 238
902 161 1048 217 PRO
1087 161 1198 218 CN.
1234 161 1552 219 PLANCIO
1580 162 1879 218 ORATIO.

375 326 550 411 quod
594 326 712 410 vis,
756 347 891 390 non
936 325 1100 390 mihi
1143 326 1476 409 auxilium,
1523 325 1636 390 sed
1674 345 1777 388 me
1816 324 2058 389 auxilio
2097 324 2421 409 defuisse3

373 415 479 480 sin
515 418 754 497 autem,
802 435 930 497 quo
970 413 1222 479 maiora
1257 414 1478 478 studia
1514 413 1585 478 in
1620 434 1725 477 me
1762 413 2087 478 bonorum
2122 412 2419 496 fuerunt,

369 502 500 568 hoc
553 502 638 567 iis
689 502 902 587 magis
949 501 1419 567 consulendum
1465 505 1533 566 et
1576 501 1974 586 parcendum
2019 501 2288 585 putavi,
2340 505 2420 565 tu

372 590 442 655 id
495 590 567 654 in
620 611 725 655 me
780 590 1230 675 reprehendis,
1286 591 1459 675 quod
1505 588 1580 666 Q.
1626 587 1897 654 Metello
1950 589 2131 653 laudi
2181 589 2419 654 datum

372 681 477 743 est
537 678 861 762 hodieque
925 683 1029 743 est
1093 682 1161 743 et
1224 699 1483 762 semper
1546 678 1673 742 erit
1729 677 2048 743 maximae
2105 677 2413 762 gloriae?
2465 695 2487 733 ὃ
2546 713 2550 758 3

374 789 595 851 quem,
638 770 716 831 ut
760 770 951 851 potes
999 788 1079 830 ex
1124 767 1353 831 multis
1402 766 1643 850 audire,
1691 765 1804 850 qui
1848 769 1991 830 tum
2038 765 2416 850 adfuerunt,
2548 793 2550 834 :

371 858 636 920 constat
697 854 1114 920 invitissimis
1178 855 1338 919 viris
1402 854 1595 919 bonis
1661 853 1962 937 cessisse,
2022 875 2144 919 nec
2200 853 2415 918 fuisse
2548 851 2550 924 ἔ

371 942 670 1026 dubium,
734 943 895 1027 quin
957 943 1379 1009 contentione
1444 947 1513 1008 et
1572 942 1772 1007 armis
1828 942 2126 1026 superior
2179 946 2417 1026 posset
2548 973 2550 1000 ι

370 1053 530 1096 esse.
619 1031 802 1117 Ergo
848 1031 962 1096 ille
1010 1053 1158 1096 cum
1205 1053 1416 1114 suum,
1462 1052 1599 1095 non
1643 1051 1793 1096 cum
1839 1034 2106 1095 senatus
2150 1028 2415 1097 factum
2549 1041 2550 1050 ‘

369 1119 768 1204 defenderet,
825 1142 974 1185 cum
1023 1119 1579 1202 perseverantiam
1624 1118 1987 1183 sententiae
2032 1139 2218 1202 suae,
2273 1140 2415 1183 non
2444 1139 2489 1176 ιο

369 1208 652 1273 salutem
697 1208 794 1273 rei
839 1207 1142 1291 publicae
1188 1207 1589 1291 retinuisset,
1634 1211 1860 1270 tamen
1903 1207 1987 1271 ob
2032 1206 2223 1271 illam
2267 1227 2415 1272 cau-

364 1317 532 1381 sam,
587 1296 763 1380 quod
811 1296 976 1360 illud
1021 1295 1467 1361 voluntarium
1509 1295 1745 1360 vulnus
1792 1295 2045 1379 accepit
2052 1345 2071 1378 ,
2122 1295 2415 1360 iustissi-

369 1406 514 1450 mos
587 1383 880 1449 omnium
915 1382 1368 1469 xMetellorum
1432 1387 1501 1448 et
1565 1383 1965 1449 clarissimos
2029 1383 2410 1468 triumphos

369 1473 584 1558 gloria
629 1475 697 1536 et
731 1473 923 1537 laude
962 1473 1314 1556 superavit,
1360 1471 1536 1557 quod
1572 1475 1639 1537 et
1674 1472 1826 1536 illos
1863 1471 2044 1555 ipsos
2080 1471 2411 1556 inprobis-

367 1561 571 1624 simos
620 1560 780 1624 civis
825 1560 1108 1626 interfici
1151 1561 1369 1626 noluit
1417 1564 1501 1644 et,
1546 1582 1628 1624 ne
1668 1559 1815 1644 quis
1852 1559 2064 1624 bonus
2100 1559 2410 1625 interiret
2439 1579 2485 1621 ιε»

366 1648 439 1712 in
465 1649 691 1713 eadem
721 1649 931 1733 caede,
962 1649 1282 1734 providit3
1318 1670 1440 1736 ego
1469 1648 1677 1714 tantis
1703 1647 2013 1732 periculis
2040 1647 2409 1732 propositis

367 1758 536 1821 eum,
573 1736 631 1800 si
666 1736 880 1801 victus
911 1758 1140 1822 essem,
1175 1737 1485 1802 interitus
1515 1737 1610 1801 rei
1637 1736 1957 1822 publicae,
1994 1736 2053 1800 si
2079 1735 2408 1821 vicissem,

365 1823 627 1888 infinita
688 1824 1022 1890 dimicatio
1086 1828 1456 1909 pararetur,
1522 1824 2029 1908 committerem,
2086 1828 2167 1888 ut
2228 1824 2410 1888 idem

260 1975 344 2038 37
365 1913 661 1998 perditor
697 1913 794 1978 rei
829 1913 1132 2015 publicae
1167 1913 1561 2015 nominarer,
1599 1913 1713 1998 qui
1750 1916 2047 1980 servator
2082 1911 2407 2016 fuissem?

278 2063 347 2113 ω
367 2000 1324 2192 marimum&
1361 2002 1541 2155 {2033-
1569 2002 2406 2191 ,Regressus
2432 2024 2482 2063 ²⁰
2548 2042 2550 2081 ¹

365 2182 698 2329 {fflirffl'
720 2178 1289 2350 Νἶῖῗῖᾜῖᾝὲἲ
1325 2200 2037 2351 ,ἓᾟωέῗῗοῗῗῗωῗ
2058 2178 2405 2331 οὲἒὲξῗὲἓῗ

369 2350 553 2440 (lieet
607 2375 710 2418 me
766 2354 1060 2439 desipere
1117 2353 1409 2441 dicatis),
1462 2376 1820 2438 numquam
1869 2355 2242 2420 mehercule
2289 2376 2404 2419 eos

366 2445 648 2506 mortem
689 2441 911 2525 potius
951 2464 1149 2526 quam
1186 2442 1733 2508 inmortalitatem
1770 2442 2113 2508 adsecutos
2149 2444 2401 2527 putavi.
2429 2466 2478 2505 25

365 2529 514 2614 Ego
577 2551 731 2595 vero
793 2530 853 2594 si
909 2533 1054 2597 tum
1108 2531 1377 2595 illorum
1430 2531 1785 2616 impiorum
1837 2531 2012 2597 ferro
2070 2552 2146 2595 ac
2204 2553 2405 2595 manu

366 2618 814 2701 concidissem,
841 2618 914 2683 in
937 2621 1329 2703 perpetuum
1356 2620 1755 2702 respublica
1782 2619 1970 2684 civile
1998 2620 2404 2704 praesidium

366 2706 603 2771 salutis
651 2728 806 2771 suae
850 2707 1262 2791 perdidisset.
1356 2706 1530 2782 Quin
1567 2708 1767 2772 etiam
1803 2708 1861 2773 si
1899 2729 2003 2772 me
2040 2708 2139 2772 vis
2178 2707 2405 2791 aliqua

364 2794 582 2860 morbi
637 2798 752 2859 aut
804 2798 1044 2860 natura
1096 2795 1244 2880 ipsa
1290 2796 1831 2880 consumpsisset,
1885 2800 2108 2860 tamen
2153 2795 2405 2859 auxilia

363 2883 778 2966 posteritatis
834 2886 1054 2948 essent
1107 2883 1483 2968 imminuta,
1539 2885 1715 2967 quod
1763 2888 2176 2969 peremptum
2223 2888 2402 2948 esset
2428 2908 2477 2947 30

365 2993 513 3035 mea
566 2974 779 3035 morte
833 2971 901 3035 id
956 2972 1355 3057 exemplum,
1410 2972 1623 3055 qualis
1672 2972 1934 3037 futurus
1980 2972 2050 3036 in
2094 2993 2201 3036 me
2247 2972 2401 3036 reti-

361 3059 575 3125 nendo
630 3058 867 3123 fuisset
923 3063 1190 3125 senatus
1244 3060 1657 3144 populusque
1703 3059 2058 3125 Romanus.
2148 3059 2287 3144 An,
2344 3061 2401 3125 si

361 3168 678 3229 umquam
740 3147 916 3211 vitae
983 3147 1307 3230 cupiditas
1371 3149 1442 3212 in
1504 3169 1609 3212 me
1662 3147 1925 3232 fuisset,
1990 3168 2114 3233 ego
2171 3169 2398 3213 mense

361 3232 712 3298 Decembri
767 3234 896 3299 mei
951 3234 1332 3299 consulatus
1389 3236 1681 3300 omnium
1735 3236 2211 3320 parricidarum
2261 3236 2399 3300 tela

363 3321 834 3385 commossem?
872 3343 1056 3405 quae,
1095 3322 1153 3386 si
1188 3322 1427 3407 viginti
1464 3324 1790 3407 quiessem
1827 3323 1983 3408 dies,
2018 3324 2089 3388 in
2116 3323 2398 3388 aliorum
2425 3338 2472 3379 35

363 3406 662 3490 vigiliam
699 3410 1040 3473 consulum
1076 3408 1473 3474 recidissent.
1553 3410 1765 3486 Quam
1812 3414 1896 3477 ob
1933 3434 2091 3495 rem,
2130 3411 2187 3475 si
2216 3412 2395 3476 vitae

367 3494 688 3574 cupiditas
706 3498 936 3560 contra
953 3517 1093 3560 rem
1105 3496 1439 3580 publicam
1457 3501 1559 3562 est
1569 3500 1801 3584 turpis,
1821 3504 1995 3565 certe
2006 3498 2215 3563 multo
2228 3521 2399 3565 mor·
