2550 3875
1510 155 1563 186 Q

770 227 923 282 CAP.
964 232 1138 282 ‘1-—10
1174 232 1205 292 ξ
1246 233 1470 282 19—2‘1.
1724 257 1729 264 ·
1998 227 2130 292 563

99 387 298 451 misit
348 391 580 470 postea
623 387 702 451 de
747 386 1167 471 Alexandria,
1221 389 1299 452 de
1344 387 1702 472 Pharnace;
1754 387 2131 452 Pharsaliae

97 497 265 540 vero
321 495 577 560 pugnae
629 496 711 539 ne
766 476 1170 559 triumphum
1225 476 1486 559 quidem
1534 477 1688 561 egit.
1777 475 1911 540 Eos
1958 475 2131 540 enim

102 564 288 628 cives
342 583 564 648 pugna
615 563 732 626 illa
786 565 1167 647 sustulerat,
1230 564 1463 647 quibus
1516 586 1649 628 non
1702 565 1893 628 modo
1948 563 2131 647 vivis,

104 651 227 716 sed
281 651 484 715 etiam
529 650 884 716 victoribus
928 651 1272 715 incolumis
1321 655 1388 716 et
1431 651 1666 716 florens
1713 651 1940 716 civitas
1989 673 2129 715 esse

59 742 358 822 sposset.
477 738 662 815 Quod
740 739 911 803 idem
991 739 1357 824 contigerat
1428 739 1866 822 superioribus
1937 739 2127 803 bellis
2148 751 2219 800 24

107 826 436 891 civilibus.
525 825 698 890 Nam
751 827 914 890 mihi
959 827 1208 891 consuli
1255 827 1641 910 supplicatio
1686 827 1885 890 nullis
1930 828 2129 892 armis

109 915 399 998 sumptis
425 936 559 978 non
586 916 670 979 ob
701 915 961 978 caedem
985 915 1295 998 hostium,
1322 914 1433 978 sed
1462 916 1545 979 ob
1576 915 2131 980 conservationem

109 1003 358 1067 civium
419 1024 587 1067 novo
645 1006 712 1066 et
762 1002 1054 1067 inaudito
1112 1023 1345 1088 genere
1400 1003 1657 1068 decreta
1712 1006 1828 1067 est.
1921 1001 2129 1078 Quam

112 1092 201 1155 ob
258 1112 398 1154 rem
451 1095 565 1154 aut
613 1091 1004 1174 supplicatio
1051 1112 1119 1154 re
1164 1091 1426 1174 publica
1468 1091 1898 1174 pulcherrime
1945 1094 2131 1174 gesta

59 1213 84 1251 ο
111 1178 606 1262 postulantibus
681 1179 924 1242 nostris
993 1179 1496 1261 imperatoribus
1569 1179 1941 1263 deneganda
2013 1181 2131 1259 est,

114 1266 294 1350 quod
348 1271 605 1350 praeter
661 1264 1010 1330 Gabinium
1065 1267 1345 1351 contigit
1396 1266 1667 1349 nemini,
1724 1269 1838 1329 aut
1892 1264 2131 1349 suppli-

114 1354 377 1419 catione
430 1355 826 1418 decernenda
876 1355 1100 1419 hostes
1155 1375 1294 1438 eos,
1346 1354 1424 1418 de
1481 1354 1713 1438 quibus
1769 1353 2132 1435 decernitis,

114 1442 418 1506 iudicetis
462 1463 723 1507 necesse
769 1446 886 1506 est.
962 1442 1147 1518 Quod
1193 1462 1349 1527 ergo
1389 1443 1501 1507 ille
1537 1465 1624 1525 re,
1667 1441 1735 1505 id
1770 1462 1892 1526 ego
1930 1440 2129 1504 etiam
2148 1442 2188 1506 9

114 1530 337 1613 verb0,
383 1551 530 1594 cum
573 1530 996 1612 imperatores
1041 1551 1151 1594 eos
1197 1530 1482 1614 appello3
1523 1530 1649 1594 hoc
1688 1529 1832 1613 ipso
1867 1529 2129 1593 nomine

117 1621 190 1681 et
243 1638 382 1700 eOS,
437 1617 548 1701 qui
601 1617 733 1681 iam
789 1618 1026 1682 devicti
1073 1622 1250 1700 sunt,
1305 1621 1373 1681 et
1418 1639 1556 1700 eos,
1610 1617 1721 1701 qui
1766 1620 2131 1699 supersunt,

59 1721 86 1760 ⁵
114 1706 343 1769 hostes
387 1704 620 1788 iudicO,
665 1727 813 1769 cum
856 1706 1134 1770 victores
1181 1704 1435 1788 appello
1471 1706 1913 1788 imperatores.
1987 1704 2128 1780 Quo
2149 1718 2217 1765 25

116 1793 315 1857 modo
353 1792 524 1856 enim
558 1793 778 1876 potius
806 1792 1087 1858 Pansam
1113 1794 1451 1878 appellem,
1489 1793 1613 1857 etsi
1639 1793 1839 1857 habet
1866 1791 2132 1856 honoris

115 1902 358 1946 nomen
421 1881 833 1965 amplissimi,
897 1903 1024 1966 quo
1089 1880 1425 1945 Hirtium?
1512 1879 1639 1945 Est
1699 1880 1809 1945 ille
1874 1880 2132 1963 quidem

117 1970 364 2052 consul,
401 1970 512 2033 sed
549 1970 827 2033 alterum
860 1992 1098 2035 nomen
1133 1969 1429 2034 beneficii
1454 1969 1681 2053 populi
1707 1968 1986 2033 Romani
2014 1971 2133 2052 est,

119 2058 401 2121 alterum
468 2056 734 2122 virtutis
805 2062 1001 2142 atque
1067 2057 1397 2122 victoriae.
1499 2056 1711 2133 Quid?
1791 2054 2130 2121 Caesarem

61 2164 90 2202 ο
120 2147 388 2209 deorum
440 2146 752 2210 beneficio
807 2146 902 2211 rei
954 2145 1252 2229 publicae
1305 2149 1715 2229 procreatum
1761 2144 2131 2243 dubitemne

121 2233 1002 2385 {l'pfflssssraemussffiissfssffissffi
1052 2255 1186 2386 33²1}
1222 2254 1470 2385 {2333
1499 2232 2135 2405 fflgffiffiffi

95 2407 236 2472 sed
299 2407 495 2470 etiam
559 2430 598 2471 a
659 2409 968 2473 membris
1032 2413 1100 2473 et
1160 2408 1514 2473 visceribus
1578 2407 1833 2472 avertit.
1922 2405 2133 2471 Unius

125 2498 343 2559 autem
395 2494 524 2559 diei
577 2500 739 2578 quot
793 2500 860 2561 et
914 2500 1192 2579 quantae
1244 2496 1548 2578 virtutes,
1603 2496 1669 2559 di
1713 2494 2133 2576 immortales,

64 2600 96 2641 τε
125 2582 410 2647 fuerunt!
492 2582 800 2667 Princeps
845 2583 1018 2648 enim
1065 2584 1353 2647 omnium
1390 2583 1603 2647 Pansa
1636 2582 1867 2666 proelii
1902 2582 2133 2645 facien·
2152 2598 2221 2645 26

126 2671 191 2734 di
235 2674 302 2734 et
345 2692 493 2735 cum
536 2670 826 2735 Antonio
873 2670 1258 2755 confligendi
1302 2670 1455 2753 fuit,
1500 2672 1735 2755 dignus
1779 2670 2136 2752 imperator

125 2758 376 2843 legione
404 2758 663 2837 Martia,
692 2758 888 2842 digna
921 2757 1093 2843 legio
1121 2758 1528 2841 imperatore.
1594 2756 1793 2823 Cuius
1822 2757 1879 2820 si
1906 2756 2135 2820 acerri-

127 2868 302 2910 mum
345 2846 663 2930 impetum
707 2845 1007 2911 cohibere
1051 2845 1264 2910 Pansa
1308 2846 1657 2929 potuisset,
1711 2866 1840 2907 uno
1884 2843 2133 2926 proelio

129 2933 418 2997 confecta
479 2956 582 2998 res
647 2937 835 2998 esset.
935 2932 1061 2999 Sed
1125 2955 1272 2998 cum
1335 2933 1662 2997 libertatis
1721 2930 1909 2995 avida
1960 2930 2133 3016 legio

67 3040 100 3078 ιο
130 3021 493 3086 effrenatius
564 3022 634 3086 in
701 3022 907 3086 aciem
967 3022 1258 3085 hostium
1319 3021 1674 3104 inrupisset
1736 3020 2002 3102 ipseque
2064 3017 2135 3082 in

128 3108 350 3192 primis
395 3108 609 3173 Pansa
651 3113 991 3195 pugnaret,
1035 3110 1285 3174 duobus
1331 3107 1712 3193 periculosis
1760 3106 2132 3170 vulneribus

129 3196 402 3280 acceptis
449 3198 744 3261 sublatus
791 3219 825 3261 e
860 3196 1109 3281 proelio
1147 3198 1241 3261 rei
1277 3196 1576 3280 publicae
1613 3194 1819 3259 vitam
1854 3215 2135 3259 reserva-

127 3285 236 3349 vit.
327 3285 474 3370 Ego
546 3306 697 3350 vero
761 3284 932 3350 hunc
993 3308 1126 3349 non
1190 3285 1403 3349 solum
1463 3284 1952 3367 imperatorem,
2023 3282 2135 3345 sed

132 3372 321 3436 etiam
373 3373 804 3438 clarissimum
859 3373 1319 3457 imperatorem
1371 3371 1615 3456 iudicO,
1667 3370 1781 3454 qui
1828 3391 1976 3435 cum
2021 3373 2136 3433 aut

69 3478 102 3519 15
131 3464 330 3525 morte
403 3465 517 3525 aut
587 3461 862 3527 victoria
929 3483 998 3525 se
1063 3461 1225 3525 satis
1289 3459 1617 3524 facturum
1678 3459 1775 3524 rei
1836 3458 2134 3542 publicae

130 3549 596 3634 spopondisset,
668 3550 947 3614 alterum
1012 3548 1195 3633 fecit,
1269 3548 1537 3613 alterius
1602 3547 1667 3612 di
1729 3547 2133 3611 immortales
2158 3597 2242 3661 10

129 3659 308 3702 omen
351 3639 673 3703 avertant!
749 3638 918 3714 Quid
963 3636 1175 3703 dicam
1219 3636 1298 3701 de
1344 3635 1610 3701 Hirtio?
1657 3636 1769 3720 qui
1804 3658 1875 3701 re
1913 3634 2135 3701 audita
2154 3688 2221 3737 2¹2

1594 3738 1707 3795 36*
