2550 3875
824 173 974 229 CAP.
1014 180 1228 228 82-34
1262 180 1294 241 ξ
1333 180 1560 230 78-85,
2056 174 2190 241 403

47 372 51 411 ι
148 336 407 402 damini
450 336 589 401 eius
633 354 839 419 usque
884 334 968 401 ad
1004 334 1158 400 Idus
1205 334 1478 399 Martias
1517 337 1942 402 consulatum.
2029 336 2190 413 Quis

47 462 51 501 ἱ
150 446 469 509 umquam
516 424 850 507 adparitor
895 427 1033 487 tam
1073 423 1359 507 humilis,
1406 427 1543 488 tam
1581 425 1918 489 abiectus?
2001 424 2188 489 Nihil

47 574 51 591 ,
148 514 299 598 ipse
354 516 643 597 poterat,
699 512 920 576 omnia
968 511 1265 596 rogabat,
1314 516 1510 595 caput
1554 512 1624 575 in
1669 534 1964 577 aversam
2008 513 2189 578 lecti-

47 642 51 681 ς
150 623 305 667 cam
351 602 641 665 inserens
688 599 1022 683 beneficia,
1069 620 1233 684 quae
1279 600 1602 684 venderet,
1647 622 1688 665 a
1723 601 1886 667 colle
1937 624 1976 664 a
2011 606 2185 685 pete·

47 732 50 767 r
86 707 123 748 5
150 691 291 754 bat.
409 688 581 753 Ecce
662 686 1044 752 Dolabellae
1128 687 1544 752 comitiorum
1623 688 1786 754 dies!
1955 689 2184 754 ortitio
2205 688 2292 754 33

47 824 51 861 ·‚
148 776 683 863 praerogativam
734 776 1031 859 quiescit.
1132 774 1599 860 Renuntiatur3
1662 780 1854 841 tacet.
1965 776 2188 841 Prima

47 938 49 949 ¹
150 865 390 931 classis
410 868 697 948 vocatur,
716 864 1159 947 renuntiatur3
1181 863 1430 947 deinde,
1458 863 1555 927 ita
1573 866 1650 927 ut
1669 864 1937 947 adsolet,
1965 864 2186 930 suffra-

47 1032 49 1035 ,
150 954 298 1039 gia;
324 956 469 1018 tum
496 952 775 1019 secunda
802 951 1030 1017 classis
1057 955 1356 1036 vocatur3
1385 973 1548 1035 quae
1579 953 1798 1016 omnia
1815 957 1971 1017 sunt
1989 953 2184 1017 eitius

152 1042 364 1125 facta,
418 1062 614 1125 quam
656 1039 809 1106 dixi.
901 1037 1213 1104 Confecto
1258 1040 1527 1124 negotio
1573 1040 1783 1105 bonus
1831 1061 2039 1125 augur
2085 1039 2182 1126 (G.
2205 1054 2274 1103 83

47 1150 127 1191 ,ιο
154 1129 458 1194 Laelium
514 1127 785 1212 diceres)
839 1126 1045 1193 ‘Amo
1099 1126 1243 1191 Dm'
1298 1128 1531 1211 inquit.
1626 1126 1681 1192 Ο
1737 1128 2186 1211 inpudentiam

47 1214 49 1217 ’
156 1217 586 1302 singularem!
662 1215 835 1293 Quid
852 1216 1125 1300 videras,
1153 1214 1309 1300 quid
1328 1234 1639 1298 senseras,
1669 1216 1824 1299 quid
1845 1216 2185 1281 audieras?

47 1360 49 1379 ,
156 1305 390 1389 Neque
456 1305 629 1369 enim
690 1308 758 1369 te
822 1304 901 1369 de
961 1304 1141 1369 eaelo
1196 1324 1487 1379 servasse
1544 1303 1768 1368 dixisti
1822 1325 1940 1367 nec
1993 1303 2188 1369 hodie

47 1427 61 1471 .·
157 1393 343 1459 dicis.
424 1392 503 1457 Id
537 1392 744 1477 igitur
778 1392 1051 1457 obvenit
1084 1391 1340 1475 vitium,
1387 1392 1559 1476 quod
1595 1396 1670 1455 tu
1705 1392 1838 1456 iam
1875 1390 2186 1457 Kalendis

47 1482 49 1487 ’
157 1481 485 1546 Ianuariis
528 1480 826 1545 futurum
870 1498 1011 1545 esse
1057 1480 1434 1563 provideras
1481 1484 1548 1544 et
1594 1483 1780 1545 tanto
1820 1483 1972 1544 ante
2007 1502 2188 1563 prae·

47 1588 131 1643 ω
160 1570 435 1635 dixeras
533 1568 713 1653 Ergo
766 1568 1029 1633 hercule
1083 1587 1348 1652 magna,
1401 1570 1479 1631 ut
1533 1589 1751 1651 spero,
1805 1572 1920 1633 tua
1963 1568 2186 1652 potius

47 1656 49 1727 ζ
160 1680 360 1742 quam
414 1656 509 1721 rei
561 1656 861 1741 publicae
917 1656 1290 1721 calamitate
1350 1656 1700 1719 ementitus
1757 1676 1824 1719 es
1877 1656 2187 1740 auspicia,

47 1748 49 1755 '
160 1744 579 1811 obstrinxisti
606 1744 919 1829 religione
944 1744 1261 1827 populum
1291 1742 1676 1826 Romanum,
1705 1764 1913 1829 augur
1935 1744 2188 1827 auguri,

162 1834 391 1900 consul
430 1832 680 1898 consuli
718 1832 1141 1897 obnuntiasti.
1224 1829 1400 1896 Nolo
1436 1832 1645 1915 plura,
1687 1854 1770 1895 ne
1809 1835 1957 1895 acta
1991 1830 2186 1895 Dola-

160 1922 373 1988 bellae
427 1920 649 1987 videar
702 1920 1088 2003 convellere,
1152 1942 1319 2004 quae
1371 1941 1634 1986 necesse
1691 1922 1793 1984 est
1837 1919 2184 2004 aliquando

65 2031 133 2071 κο
162 2013 244 2077 ad
293 2015 594 2075 nostrum
650 2009 1000 2094 collegium
1054 2007 1444 2074 deferantur.
1545 2005 1673 2073 Sed
1729 2008 2183 2093 adrogantiam
2203 2023 2273 2072 84

160 2098 448 2165 hominis
484 2098 1027 2180 insolentiamque
1063 2097 1460 2183 cognoscite.
1535 2095 1860 2172 Quamdiu
1887 2098 1963 2160 tu
1987 2096 2187 2178 voleS‚

162 2189 441 2253 vitiosus
496 2187 723 2251 consul
775 2184 1147 2269 Dolabella3
1210 2206 1462 2268 rursus,
1525 2203 1674 2250 cum
1727 2184 1933 2268 voles,
1987 2184 2186 2248 salvis

168 2275 472 2359 auspiciis
518 2279 790 2339 creatus.
884 2271 955 2338 Si
998 2273 1165 2337 nihil
1212 2277 1340 2357 est,
1394 2294 1542 2338 cum
1589 2292 1798 2357 augur
1843 2272 1924 2336 iis
1970 2273 2186 2336 verbis

166 2363 453 2446 nuntiat,
508 2363 741 2447 quibus
788 2364 863 2425 tu
904 2361 1253 2445 nuntiasti,
1300 2360 1608 2426 confitere
1655 2363 1739 2444 te,
1785 2382 1934 2424 cum
1981 2359 2186 2425 ‘ALIO

70 2470 138 2513 2⁵
170 2449 311 2515 Dm'
356 2450 615 2534 dixeris,
660 2449 953 2514 sobrium
995 2471 1129 2514 non
1172 2448 1402 2533 fuisse3
1447 2447 1552 2514 sin
1586 2452 1690 2513 est
1726 2449 1946 2532 aliqua
1980 2448 2080 2512 vis
2117 2449 2187 2512 in

60 2593 63 2596 .
168 2539 315 2604 istis
361 2537 597 2621 verbis,
644 2558 720 2601 ea
764 2558 929 2622 quae
976 2537 1083 2619 sit,
1128 2557 1337 2622 augur
1383 2557 1422 2600 a
1464 2536 1720 2621 collega
1763 2537 2040 2619 requiro.

302 2623 432 2692 Sed
464 2647 546 2690 ne
583 2624 753 2690 fort-e
789 2646 869 2690 ex
906 2625 1131 2689 multis
1168 2625 1362 2690 rebus
1400 2624 1605 2709 gestis
1633 2623 1722 2688 M.
1750 2623 2000 2688 Antoni
2037 2641 2175 2686 rem
2197 2620 2337 2708 (34)

170 2736 364 2780 unam
417 2713 921 2797 pulcherrimam
978 2712 1308 2776 transiliat
1364 2711 1604 2796 oratio,
1668 2712 1749 2775 ad
1802 2710 2187 2794 Lupercalia
2390 2718 2394 2722 '

172 2803 519 2869 veniamus.
609 2800 763 2866 Non
802 2801 1189 2884 dissimulat,
1232 2803 1454 2883 patres
1493 2798 1873 2882 conscripti3
1917 2799 2186 2880 adparet
2207 2797 2292 2860 34

74 2911 145 2954 30
174 2912 310 2956 esse
364 2894 791 2973 commotum3
855 2888 1063 2971 sudat,
1118 2888 1338 2972 pallet.
1436 2885 1801 2969 Quidlibet,
1857 2885 2049 2950 modo
2103 2905 2186 2949 ne

171 2983 453 3062 nauseet,
498 2978 724 3060 faciat,
772 2977 945 3060 quod
989 2977 1058 3040 in
1102 2977 1362 3060 porticu
1406 2975 1694 3039 Minucia
1738 2973 1912 3038 feeit.
2007 2971 2184 3048 Quae

173 3069 389 3152 potest
422 3087 563 3131 esse
600 3064 1025 3148 turpitudinis
1053 3068 1275 3128 tantae
1304 3062 1637 3128 defensio?
1709 3059 1918 3144 Cupio
1948 3061 2186 3143 audire,

47 3161 49 3164 ’
174 3159 248 3221 ut
287 3155 568 3238 videam,
622 3153 739 3218 ubi
782 3153 1066 3218 rhetoris
1114 3153 1203 3216 sit
1248 3157 1438 3216 tanta
1481 3171 1728 3214 merces
1783 3149 1877 3228 [id
1921 3152 2025 3213 est
2071 3149 2184 3212 ubi

176 3263 436 3327 campus
463 3241 823 3306 Leontinus
852 3242 1211 3325 appareat}
1258 3237 1538 3306 Sedebat
1562 3239 1633 3302 in
1661 3237 1894 3303 rostri-s
1915 3235 2186 3321 conlega
2207 3255 2273 3304 85

76 3355 143 3398 35
176 3339 323 3397 tuus
369 3330 645 3394 amictus
693 3333 855 3414 toga
895 3350 1221 3412 purpurea
1264 3328 1337 3392 in
1381 3328 1544 3392 sella
1588 3347 1784 3391 aurea
1819 3329 2185 3390 coronatus.

174 3418 501 3501 Escendis,
546 3417 796 3482 accedis
843 3417 925 3481 ad
972 3418 1215 3500 sellam,
1263 3413 1388 3501 (ita
1423 3436 1566 3480 eras
1603 3413 1951 3498 LupercuS,
1996 3418 2072 3478 ut
2116 3417 2182 3477 te

177 3506 503 3574 consulem
558 3527 698 3571 esse
752 3505 1123 3571 meminisse
1170 3504 1468 3588 deberes)
1533 3503 1829 3567 diadema
1874 3501 2181 3568 ostendis.

1757 3605 1864 3660 26*
