2550 3875
328 207 454 262 LIV
960 203 1387 259 ADNOTATIO
1425 200 1727 257 CRITICA.

374 410 384 421 .
416 372 501 421 37.
524 372 611 420 37.
642 394 707 406 -
748 361 809 419 Ρ.
841 368 959 418 158.
981 370 1014 418 6
1053 370 1161 434 atq.
1190 379 1333 417 cars,
1364 359 1473 415 del.
1503 359 1696 415 Cobet.
1735 360 1848 413 Mn.
1882 364 2019 414 1862
2057 376 2112 427 p.
2146 362 2267 412 329.
2298 386 2370 397 -—

330 385 599 491 {1688
642 452 781 491 ease.
829 437 921 490 sit
965 433 1153 501 codd,
1198 432 1409 500 Klotz.,
1460 439 1539 486 est
1581 430 1757 499 Bait,
1804 430 2000 498 Kays.,
2046 427 2235 493 Reid.;
2292 427 2372 481 ad

331 525 386 576 p.
411 512 629 574 128.19,
665 511 784 560 120.
802 509 887 559 28.
918 535 987 546 -
1014 504 1074 559 Ρ.
1098 510 1218 558 158.
1238 510 1307 557 33
1338 519 1418 571 sq.
1448 509 1501 557 et
1534 502 1804 569 familiar.
1833 517 1942 556 om.
1970 517 2115 553 unus
2153 498 2275 553 cod.
2305 498 2371 566 P,

332 577 508 643 Bait.3
556 576 625 631 cf.
661 594 717 646 p.
749 580 939 630 155.4.
980 605 1048 616 —
1086 574 1146 629 P.
1179 578 1389 628 159.14
1436 574 1534 643 qai
1577 589 1770 643 saepe
1813 573 1915 627 hoc
1949 570 2158 638 Klotz„
2203 567 2371 624 Reid.

335 651 454 719 (qai
492 664 753 718 persaepe
788 648 889 701 hoc
922 647 1060 700 vett.
1100 645 1277 713 edd),
1325 646 1423 713 qui
1456 660 1512 698 se
1547 644 1647 698 hoe
1683 641 1844 697 codd.
1921 644 2110 696 raeter
2145 639 2245 705 (3²3
2293 639 2374 693 ad

331 738 387 789 p.
419 724 611 776 66.11.
650 749 719 759 —
756 716 816 771 P.
849 721 1060 771 159.16
1098 718 1386 787 coyitatote
1422 713 1544 781 GE,
1580 713 1789 779 Klotz.;
1828 729 1864 766 a
1938 730 1994 783 p.
2024 717 2145 767 379.
2167 716 2254 766 31.

476 839 920 895 Pisonianam
965 837 1283 892 orationem
1328 836 1378 916 si
1413 836 1542 905 quis
1586 838 1754 890 tanta
1798 836 1934 904 fide,
1984 837 2200 904 quanta
2247 834 2377 888 fieri

337 911 564 967 omnino
600 909 771 965 hodie
806 911 1022 980 potest,
1052 908 1326 968 ‚editurus
1364 910 1476 975 est,
1525 905 1579 961 ei
1614 923 1757 975 opus
1792 909 1882 961 est
1922 904 2375 961 accuratioribus

336 981 734 1037 collationibus
763 979 1022 1035 codicum
1039 980 1102 1049 T,
1129 978 1448 1048 palimps.
1473 976 1761 1045 Tauria„
1792 980 1852 1031 et
1871 978 1939 1045 V,
1967 976 2185 1031 Vatic.
2206 975 2263 1030 H
2281 981 2374 1044 25,

337 1071 509 1123 quam
545 1051 751 1123 quibus
787 1068 891 1105 nos
927 1050 1142 1105 utimur
1177 1067 1212 1104 a
1246 1050 1499 1118 Peyrone
1536 1050 1597 1102 et
1632 1046 1939 1104 Garatonio
1975 1046 2163 1102 factis.
2216 1046 2378 1100 Nam

335 1140 681 1193 quamquam
710 1138 815 1191 ego
842 1120 1015 1191 paulo
1042 1120 1171 1190 plus
1200 1120 1398 1174 diffido
1431 1136 1625 1173 eorum
1658 1117 1982 1188 integritati
2017 1134 2190 1186 quam
2223 1133 2376 1173 1000.

337 1194 483 1263 edd,
521 1198 717 1249 tamen
750 1209 916 1247 nemo
947 1194 1141 1264 potest
1166 1190 1447 1258 dubitare,
1487 1188 1625 1259 quin
1649 1189 1819 1259 longe
1844 1191 2140 1258 praestent
2165 1186 2378 1243 ceteris

336 1264 642 1321 codicibus,
715 1263 931 1318 Horum
966 1264 1032 1317 ut
1074 1260 1223 1316 inter
1265 1260 1448 1314 malos
1486 1260 1735 1330 optimus
1772 1262 1862 1314 est
1897 1259 2276 1328 Salisburg.
2315 1259 2376 1327 S,

337 1353 581 1404 quocum
629 1334 768 1389 ‘fere
824 1333 1112 1403 conspirat
1162 1332 1417 1387 Monac.
1467 1337 1537 1386 68
1581 1330 1642 1384 Μ
1694 1329 2024 1385 foedissime
2079 1328 2376 1399 scriptus’.

336 1406 588 1461 Erfurt.
627 1406 674 1460 E
722 1404 833 1459 etsi
876 1420 991 1457 non
1033 1418 1347 1471 numquam
1393 1402 1544 1455 solus
1589 1403 1693 1456 aut
1737 1418 1866 1455 cum
1901 1399 1952 1456 G
1997 1402 2099 1454 aut
2142 1417 2274 1455 cum
2307 1400 2378 1468 P,

341 1476 703 1531 ‘lectionibus
740 1473 1003 1529 codicis
1031 1472 1445 1539 Pithoeani’,
1485 1471 1585 1541 qui
1619 1487 1746 1526 raro
1775 1474 2260 1539 commemoratur,
2299 1471 2379 1526 de

338 1564 448 1615 quo
478 1549 553 1601 ad
588 1547 698 1615 leg.
728 1562 864 1614 agr„
902 1543 1138 1598 meliora
1165 1544 1344 1597 habet
1370 1546 1459 1613 (ut
1483 1561 1538 1613 p.
1562 1548 1681 1597 174.
1700 1549 1731 1598 7
1759 1544 1871 1610 hos,
1908 1542 2063 1611 quod
2090 1558 2198 1597 om.
2226 1541 2378 1610 rell.,

339 1623 549 1672 189.13
587 1624 726 1672 recte
762 1633 908 1684 nam,
946 1614 1039 1668 FS
1075 1622 1214 1669 recte
1250 1631 1343 1682 an,
1380 1614 1433 1668 V
1459 1620 1782 1682 recteneant,
1822 1618 1940 1668 191.
1962 1618 2031 1667 29
2060 1614 2210 1681 quid,
2247 1612 2377 1668 rell.

338 1689 569 1758 quidem,
609 1689 669 1741 et
702 1694 766 1741 ta
793 1687 874 1753 de,
916 1683 1037 1739 rell.
1067 1687 1149 1753 de,
1189 1690 1399 1739 195.19
1429 1687 1804 1755 praedatores,
1843 1682 1892 1738 G
1918 1686 2242 1754 preditores,
2279 1683 2324 1737 F
2337 1683 2380 1739 S

332 1760 663 1830 perditores,
711 1761 831 1811 201.
852 1760 888 1809 4
932 1757 1202 1823 morbum,
1247 1772 1301 1810 v.
1343 1760 1411 1809 10
1454 1772 1510 1811 se
1553 1758 1695 1825 ipse,
1743 1753 1903 1809 SFM
1947 1761 2170 1809 mortem
2215 1756 2278 1808 et
2317 1771 2381 1810 se

337 1830 567 1898 ipswn),
604 1826 937 1895 plerumque
972 1828 1166 1881 tamen
1202 1824 1449 1879 deterior
1485 1827 1574 1879 est
1609 1841 1782 1893 quam
1820 1824 1973 1896 SOE),
2010 1826 2078 1878 ut
2110 1841 2165 1893 p.
2197 1830 2318 1880 179.
2341 1832 2380 1880 8

340 1905 475 1955 nota
513 1900 702 1954 inusta
727 1897 779 1951 V
807 1896 1081 1966 corrupit:
1117 1903 1253 1952 nota
1288 1898 1455 1963 iusta,
1492 1895 1585 1951 FS
1613 1903 1749 1952 ποτα
1781 1898 1934 1964 iusti,
1971 1895 2018 1950 Ε
2048 1912 2164 1951 non
2197 1897 2379 1952 iussu.

339 1969 569 2025 Frisin
580 1987 633 2039 g.
665 1974 769 2024 520
796 1968 841 2022 F
868 1967 1014 2021 nihil
1047 1967 1263 2036 proprii
1296 1983 1403 2021 nec
1430 1965 1567 2020 boni
1601 1983 1707 2021 nec
1736 1966 1868 2021 vitii
1902 1966 2142 2036 insignis
2178 1966 2380 2036 habet,

339 2041 551 2094 Erlan
561 2058 615 2110 g.
654 2040 705 2095 G
738 2038 801 2092 in
834 2039 946 2093 hac
982 2041 1122 2092 orat.
1155 2036 1358 2092 melior
1393 2040 1483 2091 est
1520 2053 1692 2104 Quam
1725 2036 1788 2091 in
1822 2040 1963 2092 orat.
1992 2040 2125 2107 post
2157 2037 2276 2092 red.
2315 2037 2384 2092 in
2494 2064 2497 2065 ⁷

342 2128 475 2180 sen.,
512 2127 648 2164 nam
682 2126 788 2164 nec
823 2111 990 2163 tanta
1021 2108 1261 2163 libidine
1291 2110 1574 2162 correctus
1601 2110 1692 2162 est
1719 2111 1778 2162 et
1805 2108 2027 2177 aliquot
2050 2107 2191 2163 locis
2219 2108 2382 2163 solus

342 2198 477 2236 uera
531 2179 780 2236 servavit
822 2181 889 2233 ut
931 2198 986 2251 p.
1019 2186 1191 2234 168.3
1238 2182 1297 2234 vi
1346 2187 1568 2247 terrere,
1627 2185 1800 2234 1723
1849 2180 2104 2247 Vibellio,
2162 2185 2283 2234 173.
2306 2185 2381 2234 20

341 2256 569 2320 ieceras,
614 2251 736 2307 rell.
774 2253 1002 2318 ieceraS,
1049 2257 1167 2305 180.
1190 2256 1254 2304 21
1296 2267 1338 2304 ‘n
1381 2267 1483 2319 pro
1529 2267 1854 2321 numquam,
1901 2248 2023 2304 rell.
2061 2251 2291 2319 praeter
2323 2251 2386 2304 V

342 2339 477 2390 0111.,
534 2329 654 2377 196.
675 2328 707 2375 2
754 2323 1120 2391 appoliniate,
1175 2320 1298 2376 rell.
1346 2323 1650 2391 apollinate
1703 2323 1806 2374 aut
1859 2322 2062 2391 appoll.
2076 2363 2089 2388 ,
2147 2319 2383 2392 saepius

340 2391 680 2447 vetustiores
716 2391 945 2447 formas.

490 2462 831 2517 Tractarunt
869 2462 1018 2516 hanc
1054 2464 1195 2516 orat.
1234 2463 1611 2516 correctorum
1646 2459 1878 2515 inscitia
1915 2477 1983 2515 ac
2018 2460 2257 2516 libidine
2292 2461 2384 2515 in-

346 2532 803 2600 quinatissimam
837 2533 995 2588 Bak.
1036 2532 1218 2587 Schol.
1247 2533 1381 2602 hyp.
1409 2533 1489 2586 IV
1515 2549 1570 2601 p.
1591 2536 1876 2586 298—314
1913 2533 1973 2585 et
2006 2532 2214 2588 Mnem.
2236 2538 2384 2588 1860

346 2621 401 2672 p.
432 2608 733 2672 211-213,
771 2603 1139 2658 Francken.
1176 2604 1384 2659 Mnem.
1415 2608 1555 2657 1884
1589 2619 1644 2671 p.
1676 2607 1742 2656 62
1771 2620 1894 2671 sqq.

487 2690 830 2759 Fragmenta
857 2690 1081 2746 Cusana
1106 2691 1186 2744 XI
1212 2690 1392 2745 habet
1415 2689 1647 2759 Kayser.
1675 2689 1738 2745 Τ.
1761 2689 1841 2743 ΧΙ
1866 2707 1921 2758 p.
1944 2696 1994 2758 3,
2021 2706 2136 2744 non
2161 2691 2387 2746 habent

343 2762 530 2816 Halm.
569 2763 629 2816 et
670 2760 851 2816 Klotz.
892 2791 959 2802 -—
1006 2761 1065 2816 P.
1097 2767 1216 2816 162.
1238 2769 1271 2816 3
1323 2763 1642 2817 Caesonini
1687 2760 1944 2815 MommS.
1985 2763 2133 2815 auct.
2171 2761 2382 2818 Kiessl.

346 2835 405 2888 et
432 2831 671 2887 Schoell.
692 2849 747 2901 p.
768 2831 906 2898 XLI,
931 2831 1262 2888 Caesoniam
1289 2834 1509 2901 (mia-m)
1540 2831 1719 2899 codd„
1743 2830 2108 2886 Caesoninam
2133 2831 2289 2902 vulg.
2311 2865 2384 2874 —

345 2903 406 2959 P.
438 2908 557 2958 162.
580 2909 612 2958 9
644 2919 725 2970 sq.
757 2901 952 2956 Oratio
984 2902 1354 2956 ‘Mommseno
1380 2901 1536 2956 viam
1569 2903 1922 2956 monstrante
1958 2901 2044 2955 ita
2070 2902 2188 2957 fere
2215 2903 2385 2958 resti-

345 2973 559 3029 tuenda
613 2972 859 3027 videtur?
908 2971 1253 3042 Kiesslingio
1311 2975 1371 3026 et
1413 2971 1694 3026 Schoellio
1748 2990 1802 3041 p.
1850 2972 1998 3027 XLI:
2054 2974 2387 3030 Lautior-em

346 3047 526 3116 iyitar
558 3050 611 3100 et
647 3052 709 3100 tu
742 3051 794 3099 et
822 3051 987 3114 pater
1024 3051 1153 3099 twas
1186 3060 1430 3099 socerum
1457 3061 1622 3113 quam
1653 3042 1708 3098 0.
1739 3043 1872 3098 Piso
1897 3045 2202 3100 invenistis.
2253 3047 2387 3100 Iam

346 3117 411 3170 in
454 3117 552 3171 illo
598 3116 752 3170 lacta
798 3116 978 3184 (finito
1023 3115 1121 3169 illo
1168 3115 1322 3169 luctu
1357 3113 1637 3184 Momms.)
1672 3131 1855 3170 norme
1891 3116 1943 3169 ei
1985 3116 2163 3184 filiam
2206 3133 2387 3171 meam

346 3187 625 3254 collocavi,
656 3202 813 3256 quem
839 3202 952 3256 eqo,
986 3186 1113 3240 lieet
1137 3187 1275 3240 mihi
1303 3191 1548 3255 potestas
1567 3215 1652 3239 —.
1681 3214 1750 3225 -
1780 3182 1839 3240 P.
1864 3190 1982 3239 162.
2005 3191 2071 3238 27
2101 3185 2289 3255 Frgm.
2312 3193 2385 3242 18

347 3254 575 3310 Halmio
621 3274 676 3325 p.
709 3261 844 3311 1101
893 3257 985 3310 ‘ex
1027 3255 1336 3310 Pisoniana
1380 3254 1626 3325 petitum
1668 3254 1940 3324 videtur',
1984 3255 2183 3310 Beiero
2222 3256 2384 3314 Orat.

346 3325 512 3394 frgm.
548 3343 605 3396 p.
628 3331 731 3382 196
770 3343 841 3381 ex
874 3325 1019 3381 libro
1056 3325 1141 3381 De
1178 3325 1296 3380 suis
1333 3325 1601 3381 consiliis.
1663 3324 1802 3381 Eius
1838 3325 1963 3380 loco
2000 3326 2127 3380 edd.
2165 3327 2388 3382 habent

348 3395 512 3464 frgm.
545 3403 613 3452 10
651 3399 950 3453 Proximus
984 3399 1306 3468 Pompeiam
1348 3399 1619 3465 sedebam,
1667 3397 1740 3451 de
1776 3413 1889 3466 quo
1924 3415 1976 3452 v.
2014 3395 2159 3453 Keil.
2195 3397 2384 3454 Diom.

348 3483 405 3534 p.
442 3471 635 3522 410.7.
674 3498 743 3509 --
779 3468 864 3523 De
907 3468 1073 3538 frgm.
1114 3475 1181 3522 19
1226 3467 1414 3523 Halm.
1457 3467 1532 3521 ad
1580 3467 1769 3533 Quint.
1807 3467 1941 3522 VIII
1985 3471 2123 3522 5.18
2165 3469 2259 3522 ‘ex
2301 3487 2382 3524 or.

347 3534 463 3592 cic.
490 3535 552 3590 111
578 3534 897 3593 Pisonem?
930 3571 998 3581 —
1035 3539 1096 3594 P.
1128 3545 1248 3594 163.
1270 3545 1303 3593 2
1332 3556 1472 3595 eras
1497 3539 1752 3608 Lallem.,
1787 3537 1929 3593 Bak.
1957 3555 2012 3609 p.
2034 3543 2156 3607 298,
2193 3538 2383 3596 Halm.
