2550 3875
891 181 1430 240 ARGUMENTUM.
1908 125 1910 128 Α
2040 183 2082 247 2
2088 184 2171 248 75

139 339 286 394 actis
335 339 627 408 congruit,
671 342 812 410 puto
862 357 1034 411 quam
1079 341 1485 410 Fenestellam,
1534 342 1633 410 qui
1683 359 1732 396 a.
1784 343 1835 396 d.
1875 342 2010 396 XIV
2046 341 2172 396 Kal.

139 410 303 465 Febr.
341 410 554 481 tradit)
602 410 740 466 Milo
785 411 1129 480 Lanuvium,
1179 427 1246 466 ex
1292 429 1403 479 quo
1452 415 1575 467 erat
1620 411 1933 481 municipio
1981 414 2040 467 et
2074 412 2175 466 ubi

139 483 265 535 tum
312 480 588 550 dictator,
635 482 924 552 profectus
971 485 1061 537 est
1107 482 1182 536 ad
1228 481 1517 537 flaminem
1559 483 1911 553 prodendum
1945 485 2177 553 postera

141 551 250 607 die.
348 550 607 607 Occurrit
670 552 724 606 ei
789 553 943 608 circa
995 553 1195 608 horam
1251 570 1459 607 nonam
1511 553 1741 608 Clodius
1796 553 1969 624 paulo
2025 554 2177 608 ultra

139 621 394 678 Bovillas
445 622 670 678 rediens
721 623 794 677 ab
841 623 1038 678 Aricia
1081 640 1258 694 prope
1305 639 1432 677 eum
1469 624 1679 693 locum,
1726 623 1789 678 in
1834 641 1944 694 quo
1982 624 2175 679 Bonae

140 693 286 748 deae
331 694 602 748 sacellum
638 695 742 748 est.
815 693 956 748 Erat
994 697 1185 749 autem
1221 693 1502 748 allocutus
1544 693 1876 749 decuriones
1915 693 2173 750 Aricino-

140 781 284 819 rum.
360 763 698 819 Vehebatur
735 764 967 820 Clodius
1007 781 1165 834 equo.
1241 765 1402 819 Servi
1440 765 1597 819 XXX
1634 765 1751 820 fere
1790 765 2065 835 expediti,
2111 768 2176 820 ut

140 835 245 890 illo
293 837 548 905 tempore
598 852 722 890 mos
770 837 894 890 erat
938 835 1051 889 iter
1095 834 1463 903 facientibus,
1512 835 1720 905 gladiis
1767 835 1941 890 cincti
1978 853 2173 906 seque·

139 905 369 960 bantur.
451 905 632 960 Erant
688 922 815 960 cum
861 905 1061 961 Clodio
1116 909 1415 975 praeterea
1458 907 1575 961 tres
1622 905 1858 961 comites
1906 907 2053 975 eius,
2105 923 2174 962 ex

63 1030 69 1034 .
141 975 350 1046 quibus
407 993 578 1058 eques
624 977 910 1032 Romanus
956 993 1128 1044 unus,
1193 975 1251 1031 C.
1303 975 1598 1031 Causinius
1647 976 1878 1044 Schola,
1943 977 2055 1049 duo
2104 978 2174 1032 de

140 1047 312 1117 plebe
348 1049 472 1101 noti
508 1046 791 1116 homines,
839 1048 900 1104 P.
939 1047 1283 1117 Pomponius
1320 1053 1371 1102 et
1410 1047 1468 1102 0.
1509 1048 1748 1103 Clodius.
1822 1047 1961 1102 Milo
1998 1048 2176 1103 raeda

139 1117 460 1172 vehebatur
495 1134 625 1172 cum
661 1134 835 1173 uxore
871 1118 1110 1186 Fausta,
1147 1117 1269 1171 filia
1304 1117 1365 1173 L.
1406 1117 1596 1171 Sullae
1634 1117 1933 1174 dictatoris
1950 1160 1965 1186 ‚
2004 1122 2065 1173 et
2098 1119 2173 1173 M.

139 1188 331 1255 Fufio,
405 1187 693 1243 familiare
759 1205 875 1243 suo.
979 1188 1334 1258 Sequebatur
1396 1204 1492 1242 eos
1555 1205 1826 1258 magnum
1890 1205 2177 1244 servorum

143 1271 379 1328 agmen,
425 1260 574 1314 inter
619 1276 762 1328 quos
810 1259 1156 1328 gladiatores
1205 1275 1427 1327 quoque
1480 1261 1668 1327 erant,
1716 1276 1786 1313 ex
1807 1260 2025 1328 quibus
2064 1261 2175 1314 duo

141 1329 295 1397 noti,
331 1328 622 1384 Eudamus
659 1332 719 1384 et
753 1330 953 1385 Birria.
1028 1330 1076 1384 Ii
1111 1331 1173 1383 in
1209 1329 1411 1384 ultimo
1452 1329 1677 1398 agmine
1714 1329 1937 1384 tardius
1977 1332 2176 1385 euntes

146 1416 280 1454 cum
315 1400 494 1472 servis
532 1400 592 1454 P.
634 1400 796 1456 Clodi
832 1401 1015 1454 rixam
1051 1399 1468 1456 commiserunt.
1540 1400 1631 1454 Ad
1668 1417 1835 1469 quem
1870 1403 2176 1455 tumultum

145 1487 279 1526 cum
332 1469 674 1541 respexisset
718 1470 948 1526 Clodius
1003 1470 1431 1525 minitabundus
1447 1512 1460 1537 ,
1518 1487 1774 1525 umerum
1828 1473 1948 1526 eius
1990 1472 2177 1526 Birria

139 1542 368 1610 rumpia
404 1541 647 1597 traiecit.
713 1543 850 1597 Inde
890 1559 1018 1596 cum
1058 1544 1186 1597 orta
1221 1544 1375 1596 esset
1408 1559 1616 1611 pugna,
1656 1542 1846 1612 plures
1874 1541 2177 1597 Miloniani

139 1614 521 1668 accurrerunt.
605 1611 833 1668 Clodius
887 1613 1214 1667 vulneratus
1263 1611 1327 1666 in
1380 1612 1677 1666 tabernam
1730 1613 1891 1682 proxi
1906 1630 2059 1667 mam
2112 1617 2177 1669 in

137 1682 446 1739 Bovillano
485 1684 707 1738 delatus
745 1685 848 1738 est.
922 1683 1062 1738 Milo
1097 1685 1164 1737 ut
1199 1683 1467 1752 cognovit
1500 1683 1861 1738 vulneratum
1899 1684 2173 1751 Clodium,

140 1771 274 1810 cum
309 1753 423 1807 sibi
448 1753 818 1823 periculosius
853 1752 1000 1808 illud
1037 1753 1212 1808 etiam
1247 1753 1377 1808 vivo
1416 1769 1483 1807 eo
1512 1753 1767 1807 futurum
1794 1754 2174 1824 intellegeret,

140 1823 330 1880 occiso
370 1825 564 1878 autem
598 1841 868 1894 magnum
906 1823 1180 1879 solacium
1217 1826 1368 1878 esset
1402 1823 1726 1891 habiturus,
1776 1824 2006 1880 etiamsi
2044 1826 2171 1880 sub-

142 1895 334 1951 eunda
383 1897 532 1950 esset
566 1911 777 1966 poena,
825 1894 1112 1951 exturbari
1154 1895 1394 1950 taberna
1429 1894 1610 1949 iussit.
1684 1894 1817 1950 Fuit
1852 1895 2153 1967 antesigna

140 1984 249 2022 nus
299 1982 587 2021 servorum
633 1968 754 2021 eius
790 1967 866 2022 M.
907 1966 1181 2021 Saufeius.
1254 1966 1443 2035 Atque
1480 1968 1565 2020 ita
1592 1966 1823 2021 Clodius
1859 1967 2046 2022 latens
2084 1984 2174 2023 ex-

141 2039 363 2093 tractus
412 2040 500 2091 est
545 2037 852 2107 multisque
898 2036 1224 2092 vulneribus
1271 2037 1578 2091 confectus.
1654 2035 1908 2092 Cadaver
1954 2037 2075 2092 eius
2113 2037 2175 2092 in

138 2108 239 2163 via
283 2109 572 2175 relictum,
619 2108 756 2178 quia
805 2108 952 2163 servi
997 2108 1162 2164 Clodi
1208 2109 1309 2161 aut
1356 2107 1532 2162 occisi
1579 2109 1742 2161 erant
1788 2109 1889 2161 aut
1923 2108 2175 2177 graviter

142 2177 326 2234 saucii
362 2185 461 2234 aut
497 2178 781 2246 latebant,
829 2180 952 2234 Sex.
990 2178 1199 2234 'Pedius
1237 2180 1489 2247 senator,
1530 2178 1628 2247 qui
1659 2178 1806 2233 forte
1844 2194 1912 2233 ex
1947 2196 2077 2235 rure
2112 2179 2174 2233 in

141 2250 344 2304 urbem
379 2250 785 2318 revertebatur,
826 2250 1056 2304 sustulit
1094 2252 1152 2303 et
1186 2249 1395 2303 lectica
1422 2265 1525 2303 sua
1551 2248 1791 2303 Romam
1818 2248 1953 2303 ferri
1980 2250 2171 2317 iussit3

141 2320 268 2391 ipse
321 2336 512 2375 rursus
551 2321 778 2389 eodem,
825 2321 975 2375 unde
1013 2322 1137 2375 erat
1175 2336 1453 2389 egressus,
1489 2336 1544 2374 se
1580 2320 1809 2389 recepit.
1884 2320 2175 2376 Perlatum

140 2394 232 2446 est
270 2408 472 2461 corpus
504 2391 666 2446 Clodi
702 2393 833 2445 ante
869 2391 1109 2461 primam
1143 2389 1329 2446 noctis
1365 2390 1581 2458 horam,
1618 2388 1952 2459 infimaeque
1988 2392 2173 2461 plebis

141 2464 201 2516 et
248 2477 538 2529 servorum
581 2461 830 2516 maxima
873 2460 1180 2516 multitudo
1226 2477 1433 2529 magno
1479 2461 1639 2514 luctu
1686 2478 1890 2531 corpus
1924 2462 1988 2515 in
2026 2462 2173 2518 atrio

141 2534 345 2587 domus
401 2532 653 2601 positum
698 2532 1085 2587 circumstetit.
1167 2531 1434 2601 Augebat
1480 2535 1669 2585 autem
1714 2532 1856 2585 facti
1899 2532 2175 2587 invidiam

139 2619 286 2658 uxor
325 2602 489 2658 Clodi
517 2602 734 2672 Fulvia,
775 2620 920 2672 quae
958 2620 1086 2657 cum
1125 2602 1303 2656 effusa
1337 2602 1743 2656 lamentatione
1779 2602 2017 2657 vulnera
2053 2604 2174 2658 eius

141 2673 503 2729 ostendebat.
576 2674 760 2730 Maior
795 2676 1026 2744 postera
1062 2674 1155 2727 die
1190 2675 1318 2727 luce
1354 2674 1538 2742 prima
1572 2672 1883 2728 multitudo
1923 2673 2175 2728 eiusdem

138 2744 368 2815 generis
410 2744 707 2814 confluxit,
744 2746 1174 2815 compluresque
1212 2742 1342 2797 noti
1378 2743 1637 2797 homines
1677 2743 1805 2797 elisi
1842 2745 1990 2810 sunt,
2028 2742 2177 2797 inter

142 2832 286 2885 quos
317 2814 377 2869 C.
405 2814 681 2870 Vibienus
721 2819 961 2872 senator.
1026 2815 1168 2869 Erat
1203 2814 1403 2870 domus
1432 2813 1595 2869 Clodi
1623 2816 1755 2869 ante
1781 2830 1993 2882 paucos
2021 2830 2175 2867 men—

142 2904 230 2942 ses
290 2887 486 2955 empta
541 2887 611 2940 de
666 2887 741 2941 M.
801 2887 1010 2941 Scauro
1066 2885 1127 2939 in
1177 2886 1421 2940 Palatio.
1506 2883 1725 2939 Eodem
1775 2886 1837 2939 T.
1886 2883 2175 2937 Munatius

139 2958 386 3029 Plancus
399 2998 414 3021 ‚
465 2957 644 3013 frater
706 2956 766 3011 L.
824 2956 1021 3013 Planci
1073 2956 1311 3012 oratoris
1324 2999 1338 3025 ,
1397 2957 1456 3010 et
1510 2955 1573 3021 Q.
1628 2954 1929 3024 Pompeius
1977 2954 2175 3022 Rufus,

143 3028 337 3083 Sullae
376 3026 675 3083 dictatoris
713 3044 782 3083 ex
816 3028 936 3083 filia
971 3043 1162 3098 nepos,
1205 3028 1420 3082 tribuni
1456 3026 1533 3095 pl.
1564 3026 1943 3091 accurrerunt,
1983 3026 2177 3093 eisque

141 3097 508 3154 hortantibus
546 3099 750 3168 vulgus
789 3099 1112 3169 imperitum
1149 3114 1352 3167 corpus
1389 3096 1602 3150 nudum
1641 3112 1707 3149 ac
1744 3096 2018 3159 lutatam,
2064 3094 2174 3148 sic-

141 3171 206 3234 ut
241 3169 304 3224 in
342 3168 495 3224 lecto
535 3172 659 3224 erat
693 3170 967 3239 positum,
1005 3171 1071 3223 ut
1105 3168 1341 3223 vulnera
1378 3166 1561 3223 videri
1596 3166 1853 3237 possent,
1890 3164 1953 3219 in
1988 3165 2172 3220 forum

143 3238 362 3295 detulit
399 3242 460 3293 et
493 3240 556 3295 in
589 3240 787 3295 rostris
824 3240 1033 3310 posuit.
1098 3239 1187 3294 Ibi
1221 3256 1324 3309 pro
1363 3237 1624 3293 contione
1653 3236 1894 3290 Plancus
1924 3237 1984 3290 et
2010 3235 2174 3290 Pom-

141 3311 304 3381 peius
319 3352 335 3379 ,
386 3308 488 3379 qui
524 3311 994 3380 competitoribus
1029 3308 1259 3363 Milonis
1299 3308 1621 3374 studebant,
1659 3306 1935 3361 invidiam
1971 3305 2174 3360 Miloni

141 3382 415 3439 fecerunt.
489 3382 738 3453 Populus
785 3383 926 3436 duce
975 3381 1097 3435 Sex.
1147 3380 1346 3435 Clodio
1402 3378 1589 3433 scriba
1642 3394 1843 3447 corpus
1898 3376 1959 3430 P.
2011 3376 2175 3431 Clodi

141 3454 202 3509 in
263 3450 484 3509 curiam
533 3452 732 3508 intulit
786 3453 1168 3519 cremavitque
1224 3449 1509 3529 subselliis
1566 3449 1639 3502 et·
1676 3446 2057 3528 tribunalibus
2114 3449 2176 3501 et

141 3524 355 3581 mensis
413 3525 473 3579 et
525 3522 816 3578 codicibus
871 3522 1256 3587 librariorum3
1314 3535 1425 3588 quo
1481 3533 1613 3586 lgne
1673 3519 1733 3571 et
1776 3533 1905 3585 ipsa
1950 3532 2174 3585 quoque

1741 3604 1847 3660 18*
