2550 3875
893 180 1044 236 CAP.
1089 188 1295 236 12-—14
1334 187 1364 247 ς,
1402 187 1629 237 32-37.
2118 183 2245 246 567
2314 219 2319 228 .

225 347 368 425 tos,
425 342 595 424 quod
649 345 868 406 tamen
922 342 1138 425 ipsum
1191 365 1311 427 pro
1366 344 1581 426 patria
1632 365 1765 408 non
1809 343 2247 408 miserandum

224 433 521 514 putatur,
556 450 674 493 nec
712 429 1018 513 dispersis
1044 430 1257 495 bustis
1284 431 1516 495 humili
1546 433 1879 514 sepultura
1907 435 2247 522 crematoS,

227 518 349 583 sed
387 521 722 582 contectos
757 518 1035 600 publicis
1075 519 1377 602 operibus
1417 523 1609 619 atque
1642 520 2016 584 muneribus
2047 541 2246 603 eaque

227 606 668 686 extractione,
728 626 891 694 quae
957 606 1046 670 sit
1103 607 1184 670 ad
1235 606 1615 670 memoriam
1671 607 2077 671 aeternitatis
2134 629 2247 671 ara

161 718 193 758 5
225 692 540 756 Virtutis,
629 688 836 768 Quam
891 695 974 758 ob
1029 716 1167 758 rem
1220 694 1576 759 maximum
1626 695 1883 778 quidem
1931 695 2245 760 solacium
2265 712 2335 760 35

227 781 362 844 erit
405 781 914 863 propinquorum
951 782 1176 846 eodem
1214 785 1633 846 monumento
1673 782 1983 847 declarari
2020 787 2087 846 et
2123 784 2246 847 vir-

225 872 446 932 tutem
491 890 756 932 suorum
800 873 868 932 et
912 869 1139 953 populi
1185 869 1465 934 Romani
1510 869 1823 952 pietatem
1868 875 1935 935 et
1980 875 2243 934 senatus

225 955 428 1020 fidem
492 960 560 1020 et
623 956 1051 1021 crudelissimi
1113 957 1493 1021 memoriam
1557 957 1740 1041 belli3
1802 958 1871 1024 in
1935 979 2061 1040 quo
2114 958 2244 1022 nisi

227 1047 422 1107 tanta
467 1044 748 1108 militum
795 1044 1002 1108 virtus
1049 1045 1427 1128 exstitisset,
1470 1045 1818 1129 parricidio
1864 1043 1951 1108 M.
1996 1044 2243 1110 Antoni

59 1148 65 1183 5
141 1156 199 1196 ιο
226 1153 470 1196 nomen
505 1131 731 1215 populi
756 1131 1038 1196 Romani
1075 1133 1433 1197 occidisset.
1504 1133 1725 1216 Atque
1762 1133 1962 1197 etiam
1999 1153 2244 1215 cense0,

226 1223 452 1302 patres
499 1219 868 1303 conscripti,
919 1241 1082 1303 quae
1126 1221 1417 1302 praemia
1462 1221 1780 1285 militibus
1826 1221 2243 1303 promisimus

226 1328 354 1371 nos
399 1329 468 1370 re
511 1307 774 1389 publica
817 1311 1196 1391 recuperata
1241 1309 1622 1392 tributuroS,
1669 1330 1745 1372 ea
1785 1308 1948 1372 vivis
1986 1309 2243 1372 victori-

59 1416 68 1455 ι
228 1394 482 1476 busque
538 1395 889 1479 cumulate,
951 1416 1098 1460 cum
1152 1399 1408 1478 tempus
1463 1396 1738 1478 venerit,
1791 1396 2243 1479 persolvenda3

232 1483 348 1564 qui
385 1485 602 1546 autem
639 1503 717 1546 ex
751 1482 852 1564 iis,
890 1483 1123 1565 quibus
1159 1482 1275 1546 illa
1311 1484 1633 1567 promissa
1670 1488 1839 1567 sunt,
1874 1505 1993 1566 pro
2030 1485 2244 1567 patria

59 1598 64 1633 f
143 1592 202 1635 15
234 1569 632 1652 occiderunt,
720 1591 943 1634 eorum
1020 1570 1427 1654 parentibuS,
1506 1571 1758 1654 liberis,
1840 1571 2243 1656 coniugibus,

231 1655 547 1720 fratribus
594 1619 814 1721 e⁷adem
860 1658 1203 1722 tribuenda
1247 1680 1495 1723 censeo,

369 1743 495 1809 Sed
540 1748 615 1808 ut
660 1745 1002 1827 aliquando
1042 1747 1365 1810 sententia
1401 1747 1810 1829 complectar,
1854 1747 1951 1810 ita
1988 1767 2243 1810 censeo:
2266 1722 2347 1784 14

232 1832 405 1898 cum
451 1830 519 1898 O.
561 1831 773 1896 Pansa
819 1834 1068 1916 consul,
1113 1834 1494 1916 imperator,
1539 1834 1799 1898 initium
1847 1856 1994 1898 cum
2037 1834 2239 1898 hosti·
2263 1811 2331 1860 3⁶

231 1922 356 1986 bus
413 1919 800 2005 confligendi
853 1919 1106 2005 fecerit,
1162 1925 1290 2006 quo
1339 1921 1586 2006 proelio
1633 1922 1806 2007 legio
1853 1921 2093 1986 Martia
2140 1923 2243 1988 ad-

146 2036 206 2077 so
232 2010 518 2074 mirabili
571 2008 1060 2093 incredibilique
1113 2011 1357 2074 virtute
1412 2010 1783 2074 libertatem
1838 2011 2064 2094 populi
2118 2011 2243 2075 Ro-

233 2098 408 2163 mani
453 2096 828 2181 defenderit,
874 2098 1045 2180 quod
1091 2098 1263 2163 idem
1303 2098 1593 2183 legiones
1627 2098 1918 2163 tironum
1951 2098 2243 2181 fecerint,

233 2184 2243 2357 {21255332{221132352222332fflsffiaessssfflffssqffid}

61 2431 62 2434 Ἴ
235 2359 490 2423 Hirtius
545 2361 796 2444 consul,
849 2324 1231 2445 imperator,
1284 2362 1531 2445 proelio
1589 2361 1809 2426 audito
1864 2383 1932 2424 re
1978 2361 2242 2446 cognita

149 2472 210 2515 25
236 2446 592 2511 fortissimo
638 2450 1326 2532 praestantissimoque
1363 2450 1578 2513 animo
1618 2449 1971 2513 exercitum
2010 2451 2239 2514 castris

238 2534 524 2598 eduxerit
585 2534 1026 2619 impetumque
1079 2537 1149 2600 in
1201 2536 1289 2600 M.
1342 2537 1703 2601 Antonium
1761 2538 2238 2620 exercitumque

236 2621 524 2686 hostium
567 2620 793 2685 fecerit
838 2624 1100 2707 eiusque
1148 2625 1368 2708 copias
1412 2623 1739 2689 occidione
1778 2625 2085 2689 occiderit
2120 2647 2237 2690 suo

238 2710 518 2773 exercitu
579 2710 676 2772 ita
736 2710 1071 2795 incolumi,
1133 2715 1208 2775 ut
1259 2734 1341 2777 ne
1395 2734 1596 2776 unum
1652 2712 1909 2795 quidem
1963 2712 2239 2777 militem

239 2796 629 2879 desiderarit,
675 2817 946 2880 cumque
984 2797 1052 2863 O.
1089 2798 1329 2864 Caesar
1363 2822 1481 2883 pro
1519 2804 1834 2883 praetore,
1870 2800 2240 2884 imperator,
2260 2819 2326 2867 37

153 2912 214 2954 so
240 2884 503 2949 consilio
567 2884 1028 2969 diligentiaque
1093 2909 1210 2950 sua
1276 2892 1491 2951 castra
1553 2886 1829 2952 feliciter
1884 2887 2241 2952 defenderit
2351 2939 2356 2944 .

239 2972 576 3056 copiasque
622 2972 930 3057 hostium,
976 2995 1138 3057 quae
1185 2975 1266 3039 ad
1309 2980 1522 3039 castra
1558 2979 1979 3058 accesserant,
2024 2975 2241 3057 profli-

239 3060 432 3145 garit,
497 3060 830 3124 occiderit:
899 3061 982 3125 ob
1046 3082 1153 3126 eas
1208 3084 1311 3127 res
1376 3067 1674 3128 senatum
1739 3063 2108 3126 existimare
2172 3067 2240 3127 et

238 3148 512 3212 iudicare
570 3170 795 3212 eorum
850 3148 1050 3213 trium
1103 3150 1568 3233 imperatorum
1622 3151 1890 3233 virtute,
1948 3151 2237 3235 imperi0,

241 3235 529 3318 consilio,
611 3236 960 3321 gravitate,
1042 3239 1434 3322 constantia,
1504 3238 1948 3323 magnitudine
2021 3239 2237 3317 animi,

159 3349 216 3393 ω
240 3323 541 3387 felicitate
586 3325 898 3408 populum
940 3323 1307 3389 Romanum
1350 3326 1725 3389 foedissima
1773 3326 2237 3391 crudelissima-

241 3432 354 3493 que
394 3411 704 3475 servitute
733 3412 1108 3497 liberatum3
1145 3434 1417 3495 cumque
1446 3436 1583 3477 rem
1611 3414 1956 3497 publicam,
1992 3416 2238 3497 urbem,

239 3500 477 3581 templa
506 3500 772 3564 deorum
800 3500 1266 3583 inmortalium,
1301 3502 1474 3565 bona
1499 3499 1919 3585 fortunasque
1951 3504 2229 3567 omnium
