2550 3875
348 156 485 221 520
650 156 732 209 IN
769 157 844 211 M.
881 154 1279 209 ANTONIUM
1317 154 1589 209 ORATIO
1626 153 2034 209 PHILIPPICA
2069 155 2166 209 XI.

346 319 450 384 vel
499 318 780 382 maxime
828 316 1121 381 exaudio·
1212 315 1359 401 Ego
1406 321 1626 381 autem
1673 320 2015 382 veteranos
2065 322 2239 381 tueri
2288 317 2387 381 de-

346 408 472 472 beo
518 407 566 491 †
614 404 788 489 quod
831 402 916 468 iis
969 426 1132 487 quos
1182 405 1419 488 quibus
1469 405 1718 469 sanitas
1767 408 1887 488 est,
1933 408 2107 470 certe
2156 404 2388 469 timere

347 517 482 559 non
537 494 760 558 debeo·
851 492 987 557 Eos
1043 513 1196 556 vero
1253 497 1626 576 veteranOS,
1682 492 1795 577 qui
1839 514 1959 576 pro
2006 514 2076 557 re
2122 493 2391 576 publica

349 603 536 645 arma
582 584 895 664 ceperunt
940 580 1275 663 secutique
1324 584 1477 645 sunt
1524 579 1592 645 C.
1636 578 2002 665 Caesarem,
2048 585 2388 645 auctorem

347 669 815 734 beneficiorum
893 672 1346 752 paternorum,
1434 669 1756 753 hodieque
1839 691 1978 733 rem
2052 669 2390 753 publicam
2436 693 2458 732 5

349 757 706 822 defendunt
795 756 968 821 vitae
1052 778 1205 821 suae
1287 756 1604 839 pericu10,
1691 778 1824 822 non
1898 758 2070 821 tueri
2152 758 2391 840 solum,

350 846 462 911 sed
511 845 712 910 etiam
759 843 1118 911 commodis
1165 864 1405 930 augere
1453 846 1675 910 debe0.
1770 844 1897 921 Qui
1944 848 2166 909 autem
2215 846 2391 927 quie-

351 938 570 1016 scunt,
624 938 702 997 ut
748 933 1052 1017 septima,
1106 937 1183 997 ut
1239 937 1473 997 octava
1517 932 1689 1019 legio
1699 984 1718 1016 ,
1771 932 1842 997 in
1887 953 2129 1018 magna
2176 932 2392 1018 gloria

350 1026 419 1086 et
471 1022 661 1087 laude
716 1021 1050 1105 ponendos
1103 1025 1285 1104 puto·
1387 1019 1677 1087 Comites
1734 1043 1885 1085 vero
1938 1020 2221 1106 Antoni,
2280 1022 2391 1105 qui

345 1113 701 1194 postquam
771 1108 1085 1174 beneficia
1157 1107 1456 1173 Caesaris
1530 1109 1977 1192 comederunt,
2050 1109 2388 1175 consulem
2418 1136 2460 1174 ιο

348 1199 766 1284 designatum
812 1197 1132 1279 obsident,
1169 1196 1323 1262 huic
1368 1197 1516 1261 urbi
1562 1196 1735 1262 ferro
1775 1196 2042 1282 ignique
2082 1197 2390 1261 minitan-

349 1290 488 1370 tur,
536 1285 743 1351 Saxae
791 1306 860 1349 se
906 1289 975 1349 et
1030 1284 1263 1350 Cafoni
1320 1286 1727 1349 tradiderunt
1781 1286 1863 1349 ad
1907 1284 2163 1350 facinus
2210 1308 2391 1369 prae-

349 1376 628 1458 damque
699 1374 902 1456 natis,
987 1394 1146 1436 num
1221 1373 1368 1456 quis
1442 1377 1543 1439 est
1618 1372 1730 1457 qui
1801 1374 2079 1438 tuendos
2152 1374 2390 1457 putet?

347 1463 531 1548 Ergo
589 1464 703 1525 aut
757 1461 916 1526 boni
971 1465 1151 1542 sunt,
1208 1482 1373 1544 quos
1430 1462 1628 1525 etiam
1686 1484 1943 1545 ornare,
2000 1466 2117 1526 aut
2164 1462 2390 1546 quieti,

352 1572 515 1633 quos
573 1570 954 1614 conservare
1011 1548 1349 1632 debemus,
1400 1554 1514 1614 aut
1559 1549 1774 1633 impii,
1829 1572 2110 1633 quorum
2158 1554 2389 1615 contra
2418 1574 2461 1614 ιε

349 1637 640 1702 furorem
712 1637 959 1701 bellum
1033 1640 1100 1701 et
1170 1637 1349 1700 iusta
1421 1660 1601 1701 arma
1672 1637 1981 1721 cepimuS.
2093 1637 2390 1714 Quorum

350 1726 558 1811 igitur
652 1729 1109 1789 veteranorum
1200 1725 1455 1789 animos
1534 1747 1616 1790 ne
1701 1725 2131 1809 offendamus,
2217 1748 2391 1791 vere-

349 1814 542 1877 mur?
617 1834 952 1897 eorumne,
1026 1813 1138 1896 qui
1201 1811 1282 1876 D.
1346 1812 1628 1877 Brutum
1703 1813 2040 1878 obsidione
2116 1814 2392 1897 cupiunt

349 1901 675 1968 liberare?
785 1900 1037 1978 Quibus
1112 1922 1259 1966 cum
1333 1899 1528 1966 Bruti
1602 1902 1779 1967 salus
1854 1922 2005 1967 cara
2077 1901 2202 1986 sit,
2279 1903 2393 1986 qui

349 1994 630 2075 possunt
676 1988 864 2056 Cassi
916 2011 1156 2054 nomen
1211 1989 1470 2054 odisse?
1560 1989 1667 2054 An
1724 2012 1977 2073 eorum,
2034 1990 2148 2075 qui
2196 1991 2391 2056 utris·
2416 2016 2462 2053 20

350 2101 475 2163 que
531 2078 730 2142 armis
786 2078 1065 2143 vacant?
1145 2076 1301 2142 Non
1356 2100 1609 2162 vereor,
1661 2101 1743 2142 ne
1800 2079 2073 2143 acerbus
2120 2079 2169 2164 †
2227 2080 2389 2143 civis

352 2167 698 2250 quisquam
750 2166 1033 2230 istorum
1090 2165 1204 2248 sit,
1270 2165 1384 2250 qui
1440 2167 1576 2231 otio
1633 2167 2056 2231 delectantur.
2161 2166 2390 2232 Tertio

349 2276 504 2319 vero
579 2253 802 2338 generi
865 2276 1000 2319 non
1063 2255 1350 2318 militum
1413 2258 1897 2337 veteranorum,
1972 2255 2085 2318 sed
2150 2254 2392 2340 impor-

350 2341 849 2406 tunissimorum
902 2340 1197 2406 hostium
1254 2341 1445 2425 cupio
1495 2364 1692 2425 quam
1738 2342 2238 2408 acerbissimum
2285 2343 2391 2408 do-

348 2431 558 2494 lorem
603 2429 876 2493 inurere.
972 2429 1401 2513 Quamquam,
1446 2435 1668 2513 patres
1714 2430 2097 2514 conscripti,
2154 2453 2392 2514 quous·
2415 2455 2459 2494 25

350 2539 475 2602 que
529 2516 888 2581 sententias
927 2517 1214 2581 dicemus
1260 2521 1716 2582 veteranorum
1754 2518 2128 2582 arbitratu?
2204 2517 2394 2594 Quod

350 2628 577 2671 eorum
633 2608 895 2680 tantum
949 2604 1290 2669 fastidium
1345 2609 1477 2690 est,
1534 2628 1697 2691 quae
1754 2610 1943 2670 tanta
1990 2607 2391 2692 arrogantia,

348 2697 424 2758 ut
493 2694 573 2757 ad
647 2692 995 2757 arbitrium
1059 2693 1325 2757 illorum
1389 2693 1818 2778 imperatores
1884 2694 2083 2758 etiam
2147 2695 2392 2780 deliga-

263 2803 330 2850 39
353 2782 545 2846 mus‘?
635 2781 782 2866 Ego
849 2784 1065 2846 autem
1125 2779 1497 2866 (dicendum
1552 2786 1655 2847 est
1710 2783 1910 2865 enim,
1963 2786 2186 2866 patres
2245 2805 2393 2848 con-

351 2869 610 2954 scripti,
688 2869 860 2952 quod
933 2867 1172 2953 sentio)
1236 2892 1371 2936 non
1433 2873 1571 2934 tam
1635 2873 1976 2934 veteranos
2038 2871 2393 2936 intuendos
2418 2895 2460 2934 30

346 2958 540 3021 nobis
626 2957 940 3038 arbitror,
1031 2979 1226 3042 quam
1322 2957 1475 3040 quid
1568 2957 1816 3022 tirones
1906 2957 2181 3036 milites,
2264 2959 2393 3023 flos

348 3045 611 3129 Italiae,
677 3045 832 3128 quid
894 3066 1100 3109 novae
1155 3045 1449 3130 legiones
1506 3045 1587 3110 ad
1642 3046 2048 3112 liberandam
2102 3046 2391 3130 patriam

347 3132 834 3216 paratissimae,
895 3132 1049 3217 quid
1105 3137 1339 3198 cuncta
1397 3132 1595 3198 Italia
1650 3134 1727 3198 de
1783 3138 2005 3198 vestra
2062 3134 2392 3220 gravitate

349 3221 610 3284 sentiat.
710 3218 898 3284 Nihil
973 3220 1148 3284 enim
1221 3242 1477 3304 semper
1550 3221 1768 3306 floret,
1842 3225 2022 3286 aetas
2100 3223 2393 3287 succedit

348 3308 569 3371 aetati.
659 3306 794 3372 Diu
839 3308 1131 3393 legiones
1179 3306 1478 3374 Caesaris
1526 3309 1895 3394 viguerunt,
1939 3332 2114 3375 nunc
2159 3311 2392 3396 vigent
2418 3335 2463 3376 3⁵

349 3392 629 3478 Pansae,
702 3395 928 3481 vigent
990 3395 1199 3480 Hirti,
1270 3397 1501 3482 vigent
1564 3396 1863 3464 Caesaris
1931 3397 2085 3482 filii,
2160 3398 2395 3484 vigent

349 3476 606 3562 Planci3
660 3482 933 3547 vincunt
985 3505 1288 3566 numero,
1343 3485 1615 3550 vincunt
1662 3486 2023 3561 aetatibus;
2076 3486 2393 3551 nimirum

251 1609 331 1673 15

262 1699 332 1749 38
