2550 3875
363 175 497 240 336
927 172 1070 227 PRO
1109 173 1170 238 Q.
1208 169 1503 227 LIGARIO
1535 170 1823 225 ORATIO.

359 335 453 402 Ὃ.
493 334 750 419 Caesar,
799 356 951 400 cave
998 334 1323 419 ignoscas,
1369 354 1521 399 cave
1568 336 1634 397 te
1680 331 1963 396 fratrum
2006 353 2126 415 pro
2168 330 2398 396 fratris

361 425 572 490 salute
611 422 1097 488 obsecrantium
1133 420 1513 505 misereatl’,
1556 441 1771 485 nonne
1811 441 2069 484 omnem
2102 419 2402 484 humani-

360 516 568 577 tatem
623 511 954 576 exuisses?
1031 509 1291 586 Quanto
1347 509 1473 574 hoc
1524 508 1774 587 duriuS‚
1831 509 2006 591 quod
2048 528 2169 572 nos
2216 507 2403 571 domi

359 601 669 683 petimus,
723 599 790 664 id
845 603 910 664 te
966 599 1037 663 in
1089 597 1234 663 foro
1293 617 1668 683 oppugnare
1723 600 1791 662 et
1846 597 1916 660 in
1969 596 2089 661 tali
2134 595 2406 661 miseria

361 689 719 753 multorum
791 686 1164 773 perfugium
1239 685 1721 751 misericordiae
1793 685 2053 749 tollere!
2165 683 2404 748 Dicam
2468 706 2495 746 ⁵

277 801 341 850 15
362 776 580 860 plane,
647 774 911 859 Caesar,
987 776 1159 858 quod
1233 774 1462 839 sentio.
1564 772 1637 838 Si
1703 773 1775 836 in
1834 773 1959 837 hac
2032 776 2222 837 tanta
2286 777 2408 836 tua

361 865 628 930 fortuna
671 863 910 929 lenitas
956 866 1147 927 tanta
1189 883 1325 927 non
1368 866 1568 946 esset,
1621 883 1816 945 quam
1862 865 1937 924 tu
1981 882 2099 944 per
2144 864 2237 938 te,
2284 882 2409 944 per

363 957 447 1031 te,
481 952 769 1035 inquam,
807 951 1065 1035 optines
1095 950 1457 1036 (intellegO,
1487 949 1643 1034 quid
1669 945 1947 1033 loquar),
1977 948 2407 1014 acerbissimo

360 1041 543 1105 luctu
579 1040 968 1104 redundaret
995 1040 1128 1104 ista
1154 1039 1443 1104 victoria.
1519 1037 1731 1114 Quam
1756 1037 1949 1101 multi
1977 1037 2154 1101 enim
2182 1040 2409 1101 essent

361 1129 438 1194 de
481 1128 858 1206 victoribus,
906 1127 1017 1211 qui
1054 1131 1122 1191 te
1161 1126 1485 1192 crudelem
1522 1147 1663 1190 esse
1699 1125 1959 1204 vellent,
2005 1147 2154 1190 cum
2193 1125 2402 1190 etiam
2432 1148 2485 1186 ιο

361 1217 440 1282 de
475 1217 668 1294 victis
707 1216 1140 1299 reperiantur!
1181 1236 1378 1298 quam
1415 1214 1624 1296 multi,
1662 1213 1775 1298 qui
1804 1235 1953 1279 cum
1982 1235 2021 1277 a
2048 1217 2117 1277 te
2144 1212 2412 1298 ignosci

359 1305 604 1370 nemini
632 1304 892 1382 vellent,
929 1303 1319 1387 impedirent
1347 1302 1759 1368 clementiam
1786 1305 1987 1385 tuam,
2023 1323 2171 1366 cum
2200 1301 2412 1366 etiam

358 1394 449 1476 hi,
488 1393 724 1477 quibus
763 1392 923 1475 ipsis
963 1391 1295 1477 ignovisti,
1331 1390 1546 1456 nolint
1582 1394 1649 1454 te
1688 1411 1829 1454 esse
1860 1390 1931 1454 in
1958 1389 2125 1454 alios
2152 1389 2413 1454 miseri-

279 1498 341 1547 16
367 1482 652 1547 cordem!
743 1479 990 1556 Quodsi
1033 1480 1313 1563 probare
1361 1477 1625 1544 Caesari
1669 1499 2009 1562 possemus
2056 1477 2128 1542 in
2174 1477 2412 1542 Africa

362 1567 702 1653 Ligarium
740 1568 1002 1632 omnino
1040 1589 1174 1633 non
1209 1567 1429 1644 fuisse,
1478 1567 1535 1631 si
1570 1566 1849 1631 honesto
1888 1571 1957 1631 et
1993 1565 2411 1631 misericordi
2440 1587 2487 1627 1⁵

362 1655 696 1721 mendacio
744 1656 943 1720 saluti
989 1655 1116 1721 civi
1163 1656 1547 1720 calamitoso
1594 1675 1737 1720 esse
1783 1655 2124 1733 vellemus,
2180 1658 2412 1719 tamen

360 1743 646 1809 hominis
682 1765 816 1808 non
851 1748 1026 1808 esset
1061 1743 1132 1808 in
1167 1747 1356 1808 tanto
1393 1742 1767 1808 discrimine
1806 1747 1873 1807 et
1908 1743 2201 1828 periculo
2241 1742 2412 1808 civis

361 1830 656 1896 refellere
693 1837 760 1895 et
795 1832 1185 1916 redarguere
1221 1835 1531 1896 nostrum
1556 1831 1979 1914 mendacium,
2018 1835 2101 1914 et,
2141 1831 2200 1896 si
2230 1834 2413 1897 esset

365 1921 666 2005 alicuius,
713 1919 850 1985 eius
898 1924 1072 1985 certe
1118 1942 1252 1985 non
1298 1924 1499 2005 esset,
1548 1920 1658 2003 qui
1704 1919 1775 1985 in
1820 1920 2044 1986 eadem
2090 1942 2291 1985 eausa
2341 1923 2411 1985 et

360 2009 630 2075 fortuna
674 2008 926 2073 fuisset.
1013 2007 1138 2074 Sed
1185 2013 1407 2074 tamen
1448 2008 1625 2073 aliud
1660 2013 1763 2073 est
1800 2030 2015 2073 errare
2053 2006 2407 2075 Caesarem
2437 2031 2495 2071 20

360 2099 555 2181 nolle,
601 2097 780 2161 aliud
825 2100 926 2161 est
968 2097 1144 2162 nolle
1191 2097 1503 2161 misereri.
1581 2097 1747 2162 Tum
1793 2097 2065 2162 diceres:
2117 2095 2407 2175 ‘Caesam

364 2208 518 2251 cave
547 2186 795 2267 eredas3
833 2184 963 2249 fuit
989 2185 1060 2249 in
1086 2185 1331 2263 Africa,
1368 2184 1527 2249 tulit
1566 2207 1747 2249 arma
1775 2189 2005 2250 contra
2030 2183 2151 2249 tel'
2208 2184 2408 2251 Nunc

366 2274 521 2357 quid
577 2273 785 2336 dicis‘?
867 2271 1063 2338 ‘Cave
1115 2274 1419 2358 ignoscas
1432 2272 1471 2337 Ρ
1562 2272 1744 2339 Haec
1787 2293 1908 2338 nec
1951 2273 2239 2338 hominis
2283 2296 2409 2338 nec

365 2362 445 2426 ad
500 2360 832 2425 hominem
885 2383 1013 2425 vox
1067 2365 1184 2426 est.
1278 2361 1423 2437 Qua
1477 2362 1592 2445 qui
1644 2362 1815 2445 apud
1870 2365 1965 2445 te,
2021 2360 2090 2427 O.
2144 2360 2409 2445 Caesar,

363 2450 601 2534 utitur,
658 2470 844 2513 suam
890 2449 1085 2514 citius
1133 2450 1375 2514 abiciet
1420 2450 1899 2514 humanitatem
1946 2470 2142 2533 quam
2190 2454 2408 2516 extor-
2438 2474 2491 2513 25

303 2576 345 2639 6
367 2538 595 2621 quebit
641 2540 840 2601 tuam.

279 2666 342 2715 17
498 2624 598 2690 Ac
641 2625 892 2709 primus
941 2624 1158 2689 adit-us
1197 2629 1264 2689 et
1301 2626 1662 2709 postulatio
1702 2625 2065 2690 Tuberonis
2109 2626 2291 2709 haec,
2328 2631 2411 2691 ut

364 2714 616 2867 3333?
662 2712 1617 2885 {ffffffiffiaffissgiffgffi
1656 2713 2213 2886 ffssssffedssiffliio
2249 2713 2411 2869 {13¹3

604 2852 622 2886 7
1428 2852 1446 2886 7

369 2891 800 2974 [quisquam],
853 2889 956 2953 vel
1005 2889 1178 2972 quod
1223 2890 1308 2974 is,
1362 2889 1474 2972 qui
1519 2890 1590 2954 in
1636 2890 1861 2955 eadem
1906 2911 2103 2955 causa
2147 2890 2404 2975 fuisset,
2432 2917 2488 2957 ³⁰

364 2979 468 3043 vel
516 2978 824 3061 quidnam
869 2976 1022 3042 novi
1068 2978 1386 3059 [sceleris]
1428 2976 1726 3043 adferret.
1808 2976 2085 3043 ‘Scelus'
2124 2982 2202 3043 tu
2236 2980 2403 3045 illud

365 3087 589 3149 vocaS,
651 3064 955 3129 Tubero?
1021 3065 1179 3130 cur?
1252 3066 1384 3130 isto
1452 3066 1625 3133 enim
1686 3066 1948 3132 nomine
2011 3067 2128 3131 illa
2194 3068 2404 3133 adhuc

368 3174 564 3218 causa
629 3153 857 3218 caruit.
947 3152 1088 3218 Alii
1145 3174 1432 3218 errorem
1486 3155 1845 3240 appellant,
1910 3155 2024 3220 alii
2078 3155 2404 3241 timorem,

369 3242 482 3324 qui
537 3241 760 3305 durius
770 3291 788 3325 ,
853 3262 1063 3325 spem,
1128 3242 1579 3327 cupiditatem,
1645 3244 1891 3328 odium,
1954 3244 2403 3329 pertinaciam,

369 3328 482 3411 qui
529 3329 941 3413 gravissime,
996 3330 1465 3414 temeritatem3
1512 3333 1723 3397 scelus
1768 3337 2031 3417 praeter
2075 3337 2141 3397 te
2190 3333 2399 3398 adhuc
2423 3358 2477 3399 ³⁵

366 3436 579 3479 nemo.
662 3414 762 3480 Ac
807 3416 970 3481 mihi
1010 3416 1286 3501 quidem,
1324 3417 1381 3481 si
1418 3421 1758 3503 proprium
1796 3425 1864 3485 et
1899 3444 2124 3487 verum
2161 3444 2403 3487 nomen

367 3503 581 3565 nostri
636 3503 792 3566 mali
849 3504 1209 3585 quaeritur,
1264 3504 1486 3570 fatalis
1543 3510 1859 3590 quaedam
1916 3508 2255 3575 calamitas
2309 3511 2403 3575 in·
