2550 3875
831 177 985 234 CAP.
1026 185 1235 234 39-41
1276 187 1309 246 ς
1347 185 1576 237 93—98.
2080 183 2211 246 241

164 340 331 405 nihil
389 339 673 424 amplius
732 340 877 405 dico
923 340 1054 405 nisi
1099 363 1203 405 me
1249 341 1321 405 in
1368 340 1663 407 Siciliam
1709 342 1930 407 venire
1976 343 2213 408 noluit.

167 428 337 506 Quid
383 428 643 492 dicam?
704 426 774 494 O.
813 427 1132 512 Vergilio,
1178 429 1299 494 tali
1346 429 1475 494 civi
1521 433 1588 494 et
1634 429 1795 516 viro,
1841 431 2213 496 benivolen-

165 518 330 580 tiam
385 517 454 580 in
508 538 640 600 me,
696 516 1083 581 memoriam
1129 517 1578 582 communium
1623 522 2025 603 temporum,
2079 520 2214 605 pie-

167 609 401 688 tatem,
455 604 965 689 humanitatem,
1019 605 1218 670 fidem
1263 605 1593 670 defuisse?
1683 605 1899 692 Nihil,
1945 608 2213 694 iudiceS,

97 719 132 759 5
168 696 268 758 est
313 714 558 777 eorum,
607 692 738 776 sed,
784 715 982 777 quam
1027 696 1494 778 tempestatem
1538 716 1661 759 nos
1699 695 2041 760 vobiscum
2076 717 2213 761 non

165 780 574 865 tulissemus,
638 781 904 865 metuit,
967 785 1045 845 ut
1100 803 1244 846 eam
1299 782 1439 866 ipse
1494 787 1723 866 posset
1778 783 2015 867 opibus
2072 785 2210 850 suis

166 869 506 933 sustinere.
581 868 749 933 Tum
789 868 1064 934 consilio
1101 873 1371 954 repente
1410 875 1667 936 mutato
1706 871 1836 935 iter
1872 894 1912 936 a
1948 871 2209 938 Vibone

164 957 589 1022 Brundisium
663 961 844 1021 terra
915 962 1141 1042 petere
1213 959 1545 1043 contendi3
1617 981 1775 1024 nam
1839 960 2209 1026 maritimos
2230 997 2313 1060 41

168 1067 394 1110 cursus
449 1045 918 1129 praecludebat
968 1045 1205 1110 hiemis
1262 1046 1664 1132 magnitudo.
1764 1045 1933 1112 Cum
1989 1049 2211 1113 omnia
2230 1087 2298 1134 97

67 1159 135 1200 10
167 1133 284 1198 illa
319 1133 695 1218 municipia,
733 1155 898 1217 quae
937 1138 1092 1199 sunt
1129 1156 1169 1198 a
1205 1133 1465 1200 Vibone
1501 1134 1943 1219 Brundisium,
1980 1136 2050 1199 in
2082 1136 2211 1201 fide

165 1243 340 1306 mea,
383 1222 650 1306 iudices,
696 1226 934 1305 essent,
978 1222 1108 1286 iter
1152 1222 1319 1286 mihi
1362 1227 1583 1288 tutum
1630 1223 1859 1287 multis
1905 1224 2213 1289 minitan-

165 1311 346 1375 tibus
384 1331 626 1396 magno
667 1332 815 1374 cum
852 1332 971 1375 suo
1010 1314 1191 1375 metu
1227 1312 1720 1395 praestiterunt.
1783 1311 2211 1376 Brundisium

165 1398 316 1463 veni
362 1399 467 1462 vel
512 1398 736 1482 potius
785 1397 867 1461 ad
912 1399 1174 1464 moenia
1219 1400 1492 1484 accessi3
1538 1400 1771 1464 urbem
1806 1421 2008 1465 unam
2046 1400 2211 1464 mihi

166 1486 638 1551 amicissimam
681 1485 1019 1571 declinavi,
1067 1509 1230 1571 quae
1278 1509 1349 1552 se
1395 1488 1594 1552 vellet
1640 1488 1864 1573 potius
1904 1488 2212 1572 exscindi,

65 1599 134 1640 ιε
169 1595 394 1659 quam,
449 1595 483 1638 e
541 1595 660 1638 suo
727 1574 1046 1658 conplexu
1099 1579 1177 1639 ut
1234 1576 1544 1660 eriperer,
1607 1576 1800 1641 facile
1854 1580 2211 1661 pateretur.

165 1663 246 1727 In
281 1662 514 1727 hortos
553 1683 657 1726 me
693 1661 782 1726 M.
818 1661 1024 1728 Laeni
1059 1662 1283 1728 Flacci
1322 1664 1591 1729 contuli.
1647 1663 1772 1731 Oui
1809 1686 1959 1729 cum
1997 1665 2211 1730 omnis

167 1754 386 1815 metus
395 1801 414 1835 ,
477 1750 841 1833 publicatio
895 1752 1218 1817 bonorum
1228 1803 1245 1835 ,
1311 1752 1604 1836 exilium,
1660 1774 1839 1817 mors
1894 1774 2214 1837 proponer

168 1842 381 1922 retur,
443 1838 607 1903 haec
659 1839 942 1924 perpeti,
1001 1840 1058 1904 si
1115 1840 1508 1924 acciderent,
1564 1841 1799 1905 maluit
1855 1863 2053 1925 quam
2109 1863 2215 1906 cu-

168 1927 456 1993 stodiam
501 1927 632 1993 mei
678 1927 912 2012 capitis
961 1927 1313 1995 dimittere.
1386 1927 1589 1995 Cuius
1638 1950 1760 2015 ego
1809 1932 1877 1995 et
1917 1929 2213 2014 parentis

63 2040 134 2083 20
168 2017 337 2101 eius,
389 2015 886 2100 prudentissimi
941 2021 1139 2101 atque
1194 2018 1433 2101 optimi
1488 2017 1690 2101 senis,
1747 2022 1815 2083 et
1868 2018 2097 2082 fratris
2145 2021 2213 2081 et

165 2104 512 2187 utriusque
557 2104 847 2169 filiorum
891 2106 1196 2171 manibus
1243 2106 1315 2170 in
1356 2106 1511 2170 navi
1556 2110 1707 2170 tuta
1750 2127 1828 2171 ac
1869 2106 2047 2170 fideli
2085 2105 2213 2170 col-

165 2192 426 2258 locatus
473 2214 828 2276 eorumque
872 2215 1099 2277 preces
1146 2198 1215 2258 et
1259 2197 1418 2259 vota
1463 2194 1541 2258 de
1588 2216 1733 2258 meo
1770 2193 1988 2259 reditu
2024 2215 2214 2258 exau-

167 2281 354 2345 diens
392 2280 850 2365 Dyrrachium,
898 2281 1074 2365 quod
1120 2286 1264 2346 erat
1309 2282 1380 2346 in
1425 2282 1550 2346 fide
1594 2304 1757 2365 mea,
1802 2286 2026 2366 petere
2066 2303 2214 2347 con-

170 2368 374 2433 tendi.
449 2368 594 2445 Quo
633 2391 782 2434 cum
817 2369 1162 2454 venissem,
1209 2370 1507 2455 cognovi,
1543 2369 1612 2433 id
1649 2370 1823 2454 quod
1861 2370 2212 2454 audieram,
2231 2389 2301 2438 98

59 2480 130 2523 25
167 2455 484 2520 refertam
548 2478 690 2522 esse
748 2456 1090 2521 Graeciam
1155 2458 1815 2524 sceleratissimorum
1868 2458 2214 2523 hominum

167 2566 248 2609 ac
293 2544 713 2630 nefariorum,
761 2567 1039 2629 quorum
1073 2547 1353 2631 impium
1387 2546 1635 2611 ferrum
1672 2546 1978 2631 ignisque
2013 2546 2213 2631 pesti-

162 2632 348 2698 feros
431 2654 615 2698 meus
697 2633 811 2698 ille
886 2634 1264 2699 consulatus
1336 2656 1371 2698 e
1440 2634 1743 2698 manibus
1819 2638 2213 2718 extorserat3

167 2721 286 2805 qui
369 2725 722 2805 antequam
795 2721 872 2785 de
947 2743 1092 2786 meo
1165 2724 1449 2788 adventu
1522 2722 1747 2787 audire
1819 2723 2212 2807 potuissent,

167 2831 324 2873 cum
379 2813 602 2873 tamen
657 2809 962 2874 abessent
1017 2810 1273 2894 aliquot
1327 2810 1579 2875 dierum
1624 2811 1828 2895 viam,
1886 2811 1957 2874 in
2001 2809 2211 2873 Mace-

55 2925 130 2966 zo
166 2896 462 2963 doniam.
506 2898 587 2961 ad
650 2897 1118 2982 Planciumque
1191 2898 1465 2983 perrexi.
1582 2897 1712 2963 Hie
1782 2920 1937 2963 vero
2012 2898 2210 2961 simul

165 2989 372 3069 atque
420 3008 599 3049 mare
637 3008 740 3050 me
780 2987 1097 3051 transisse
1136 2988 1445 3073 cognovit
1487 3022 1562 3033 —
1606 2986 1777 3070 audi,
1823 2985 1975 3050 audi
2013 2988 2212 3068 atque

165 3073 469 3158 adtende,
503 3073 897 3153 Laterensis,
934 3078 1012 3139 ut
1048 3076 1236 3160 sciaS,
1275 3075 1432 3160 quid
1468 3096 1589 3159 ego
1620 3074 1889 3138 Plancio
1920 3073 2213 3155 debeam,

165 3162 655 3247 confiteareque
703 3163 1053 3247 aliquando
1101 3186 1223 3248 me,
1272 3164 1445 3247 quod
1490 3162 1746 3246 faciam,
1793 3166 1860 3225 et
1908 3167 2095 3247 grate
2145 3165 2213 3225 et

162 3250 280 3335 pie
316 3250 559 3335 facere3
603 3250 775 3336 huic,
815 3274 981 3335 quae
1016 3274 1138 3336 pro
1178 3251 1392 3317 salute
1430 3272 1575 3315 mea
1610 3250 1859 3333 fecerit,
1899 3250 1956 3313 si
1994 3250 2211 3314 minus

63 3364 130 3407 85
163 3338 522 3423 profutura
565 3339 715 3422 sint,
763 3340 992 3405 obesse
1031 3344 1206 3405 certe
1241 3362 1375 3406 non
1414 3340 1742 3423 oportere!
1798 3336 1975 3403 Nam
2014 3338 2211 3402 simul

165 3449 250 3492 ac
317 3449 421 3493 me
477 3427 919 3511 Dyrrachium
979 3428 1283 3513 attigisse
1340 3426 1615 3508 audivit,
1680 3426 1912 3491 statim
1967 3427 2050 3490 ad
2104 3448 2209 3491 me

163 3514 522 3581 lictoribus
570 3515 888 3601 dimissiS,
943 3516 1314 3602 insignibus
1362 3514 1669 3598 abiectis,
1721 3518 1905 3579 veste
1950 3518 2212 3580 mutata

283 3627 394 3669 010.
421 3630 486 3669 11.
517 3631 555 3669 3.
1624 3626 1629 3631 ’
1820 3624 1886 3673 16
