2550 3875
400 132 492 195 44
985 129 1130 183 PRO
1167 128 1226 185 P.
1265 127 1518 184 SESTIO
1560 127 1844 184 ORATIO.

404 314 544 358 esse
590 293 751 376 dixi,
801 297 1022 357 tenere
1069 313 1330 356 cursum
1375 291 1633 374 possint
1678 294 1745 354 et
1790 311 2019 374 capere
2068 289 2188 354 otii
2233 289 2428 352 illum
2507 277 2508 358 ἒ

282 393 385 444 100
403 385 672 464 portum
716 385 784 444 et
824 381 1186 466 dignitatis.
1275 379 1464 444 Hanc
1504 399 1625 463 ego
1664 379 1856 462 viam,
1900 377 2163 461 iudices,
2212 378 2270 443 si
2310 382 2429 441 aut

403 490 702 554 asperam
755 472 951 552 atque
1007 470 1276 532 arduam
1328 471 1442 532 aut
1486 467 1748 551 plenam
1795 488 1936 532 esse
1982 466 2429 550 periculorum

401 560 518 620 aut
551 556 935 620 insidiarum
969 576 1224 641 negem,
1259 555 1557 638 mentiar,
1592 554 1980 639 praesertim
2018 576 2167 618 cum
2193 554 2264 618 id
2288 575 2432 618 non

401 645 595 709 modo
640 644 1074 709 intellexerim
1120 665 1401 728 semper,
1457 644 1568 708 sed
1616 644 1818 708 etiam
1862 646 2123 727 praeter
2167 646 2429 708 ceteros
2457 645 2508 728 5}

405 753 736 798 senserim.
2507 765 2508 768 =

286 815 370 880 47
533 819 894 886 Maioribus
921 821 1262 904 praesidiis
1290 824 1356 884 et
1376 819 1579 904 copiis
1601 823 2018 904 oppugnatur
2036 840 2141 884 res
2158 818 2431 902 publica

403 931 600 992 quam
645 909 1029 992 defenditur,
1073 913 1423 993 propterea
1468 909 1642 992 quod
1688 908 1963 973 audaces
2006 906 2309 971 homines
2360 910 2431 969 et

401 997 641 1080 perditi
666 1002 834 1062 nutu
859 997 1288 1082 impelluntur
1318 1001 1384 1061 et
1413 997 1541 1080 ipsi
1570 996 1769 1060 etiam
1798 999 2031 1080 sponte
2056 1016 2173 1059 sua
2192 998 2432 1058 contra

400 1106 540 1150 rem
588 1087 920 1170 publicam
965 1086 1350 1169 incitantur3
1403 1084 1561 1148 boni
1603 1083 1825 1149 nescio
1874 1105 2002 1167 quo
2050 1082 2243 1148 modo
2290 1087 2429 1146 tar·
2458 1093 2509 1146 m*

401 1173 615 1238 diores
658 1179 812 1239 sunt
849 1178 918 1238 et
951 1173 1291 1258 principiis
1328 1193 1545 1238 rerum
1579 1171 1898 1257 neglectis
1936 1172 2018 1236 ad
2056 1174 2431 1236 extremum
2507 1237 2508 1248 ¹

279 1335 282 1342 Ι
400 1261 546 1346 ipsa
593 1262 869 1346 denique
912 1261 1307 1326 necessitate
1353 1261 1747 1344 excitantur,
1801 1260 1899 1324 ita
1941 1264 2017 1324 ut
2061 1280 2193 1323 non
2238 1281 2432 1323 num·
2507 1271 2508 1324 l

401 1371 596 1433 quam
626 1349 1040 1416 cunctatione
1069 1370 1143 1413 ac
1172 1349 1503 1432 tarditate,
1540 1348 1695 1412 dum
1724 1348 1934 1412 otium
1961 1347 2190 1412 volunt
2220 1346 2432 1411 etiam

282 1444 380 1493 101
401 1438 542 1502 sine
587 1438 909 1524 dignitate
949 1437 1248 1521 retinere,
1293 1436 1423 1521 ipsi
1458 1440 1809 1520 utrumque
1846 1437 2175 1500 amittant.
2266 1435 2433 1500 Pro-

397 1530 797 1610 pugnatores
845 1530 1065 1590 autem
1110 1525 1205 1590 rei
1248 1525 1549 1608 publicae
1596 1526 1711 1608 qui
1754 1545 1896 1589 esse
1940 1525 2314 1607 voluerunt,
2370 1526 2432 1588 si
2464 1533 2509 1590 ιε

399 1613 674 1678 leviores
711 1618 884 1697 sunt,
925 1613 1314 1696 desciscunt,
1350 1613 1407 1678 si
1443 1613 1826 1698 timidioreS,
1863 1614 2125 1697 desunt3
2168 1633 2433 1695 perma-

398 1705 556 1764 nent
592 1701 692 1764 illi
729 1703 853 1766 soli
891 1705 1087 1785 atque
1127 1701 1348 1765 omnia
1383 1701 1479 1766 rei
1510 1701 1811 1784 publicae
1840 1723 2038 1766 causa
2062 1699 2434 1785 perferunt,

401 1789 531 1943 3¹²³&
559 1788 2069 1962 ⁸333ssssS'UJJJJZJ'adervtssrlfflgeffffissssss
2113 1789 2433 1944 ῗῷξςῑὲἓέ
2507 1799 2508 1834 ψ

400 1966 678 2051 restitit,
734 1987 928 2050 quem
981 1988 1339 2051 numquam
1392 1966 1531 2030 ulla
1582 1968 1708 2050 vis,
1760 1968 1933 2031 ullae
1988 1967 2229 2050 minae,
2283 1968 2435 2031 ulla
2463 1988 2509 2033 εει

401 2054 646 2119 invidia
689 2054 1012 2138 labefecit,
1059 2058 1174 2118 aut
1220 2055 1433 2138 qualis
1482 2054 1557 2131 Q.
1594 2052 1918 2138 Metellus,
1963 2060 2240 2139 patruus
2288 2078 2433 2119 ma-

401 2142 524 2206 tris
590 2147 768 2225 tuae,
832 2143 946 2226 qui
1010 2164 1157 2207 cum
1214 2143 1556 2208 florentem
1608 2141 1941 2207 hominem
1994 2143 2065 2207 in
2116 2144 2439 2227 populari

399 2230 670 2313 ratione,
716 2230 789 2293 L.
835 2229 1278 2313 Saturninum,
1325 2252 1553 2295 censor
1597 2235 1895 2295 notasset
1943 2253 2218 2315 cumque
2267 2232 2437 2296 insi·
2507 2246 2508 2273 ³

401 2318 610 2381 tivum
676 2316 1043 2382 Gracchum
1113 2322 1342 2382 contra
1403 2318 1538 2383 vim
1602 2318 2043 2383 multitudinis
2105 2319 2435 2385 incitatae
2507 2362 2508 2365 =

401 2427 597 2469 censu
641 2405 1087 2490 prohibuisset
1133 2428 1409 2491 cumque
1454 2406 1523 2470 in
1570 2428 1713 2470 eam
1758 2407 1999 2493 legem,
2046 2427 2244 2490 quam
2289 2430 2436 2472 non
2466 2404 2509 2477 25

399 2493 539 2557 iure
585 2498 885 2579 rogatam
929 2493 1269 2577 iudicarat,
1314 2495 1527 2559 iurare
1563 2516 1731 2559 unus
1766 2495 2107 2579 noluisset,
2153 2497 2231 2559 de
2270 2496 2438 2561 civi-

401 2584 540 2645 tate
577 2582 811 2646 maluit
849 2603 1046 2666 quam
1083 2583 1160 2646 de
1190 2582 1515 2647 sententia
1542 2584 1888 2667 demoveri,
1925 2588 2061 2666 aut,
2092 2588 2170 2648 ut
2196 2587 2438 2651 vetera

403 2670 714 2754 exempla,
753 2692 1031 2754 quorum
1067 2674 1170 2735 est
1208 2671 1397 2753 copia
1431 2670 1631 2756 digna
1664 2671 1860 2735 huius
1896 2671 2157 2756 imperii
2189 2672 2438 2758 gloria,

401 2758 766 2841 relinquam
809 2780 971 2823 neve
1017 2780 1241 2823 eorum
1279 2759 1581 2843 aliquem,
1628 2759 1742 2843 qui
1776 2760 2022 2844 vivunt,
2065 2760 2438 2846 nominem,

401 2846 614 2929 qualis
674 2869 882 2931 nuper
937 2844 1011 2923 Q.
1068 2845 1340 2911 Catulus
1403 2846 1558 2931 fuit,
1624 2868 1816 2931 quem
1875 2868 2085 2931 neque
2141 2850 2435 2932 periculi
2466 2874 2509 2917 3(

401 2937 758 3018 tempestas
803 2956 1012 3019 neque
1056 2933 1325 2999 honoris
1374 2956 1532 2999 aura
1574 2936 1795 3019 potuit
1830 2957 2143 3020 umquam
2180 2936 2262 3001 de
2302 2960 2437 3003 suo

404 3043 598 3086 cursu
645 3027 760 3086 aut
805 3044 919 3106 spe
967 3025 1081 3085 aut
1127 3026 1308 3087 metu
1352 3023 1708 3087 demovere.

537 3108 717 3175 Haec
770 3108 1150 3194 imitamini,
1203 3132 1321 3193 per
1375 3111 1529 3175 deos
1575 3112 1997 3196 immortalis,
2053 3113 2165 3197 qui
2210 3113 2439 3199 digni-
2507 3138 2508 3145 ¹

401 3201 625 3278 tatem,
662 3198 776 3282 qui
810 3198 1086 3279 laudem,
1125 3198 1236 3281 0111
1272 3198 1554 3283 gloriam
1591 3200 1931 3283 quaeritis!
1977 3200 2158 3266 Haec
2196 3204 2437 3287 ampla

402 3288 574 3366 sunt,
608 3285 769 3349 haec
797 3286 1032 3368 divina,
1058 3283 1219 3349 haec
1246 3285 1674 3372 immortalia3
1698 3289 1861 3354 haec
1886 3288 2065 3354 fama
2093 3290 2439 3357 celebran-
2468 3318 2509 3361 31

401 3374 528 3453 tur,
574 3372 1013 3437 monumentis
1047 3372 1378 3437 annalium
1416 3376 1823 3459 mandantur,
1858 3378 2238 3462 posteritati
2278 3402 2438 3463 pro-

399 3462 744 3541 pagantur.
797 3460 923 3524 Est
950 3461 1155 3544 labor,
1181 3482 1317 3525 non
1340 3483 1539 3548 neg03
1574 3465 1865 3549 pericula
1892 3488 2149 3553 magna,
2176 3466 2442 3557 fateor,

285 3081 374 3145 48

278 3170 380 3218 102
