2550 3875
377 168 465 233 22
962 168 1105 224 PRO
1143 170 1206 226 P.
1243 167 1490 225 SESTIO
1530 167 1822 225 ORATIO.

378 330 821 398 meminissem
893 334 1151 414 patrem
1220 331 1416 396 huius
1491 329 1580 397 M.
1645 329 1896 432 Crassi,
1967 328 2418 397 fortissimum

376 420 619 501 virum,
679 440 761 483 ne
826 418 1077 483 videret
1133 419 1453 484 victorem
1507 419 1693 484 vivus
1747 418 2116 503 immicum,
2182 418 2418 487 eadem

380 508 507 572 sibi
553 528 752 571 manu
794 506 1003 571 vitam
1038 506 1438 591 exhausisse,
1486 529 1616 591 qua
1651 512 1936 573 mortem
1972 529 2168 591 saepe
2203 507 2418 575 hosti-

273 645 359 710 22
378 597 503 661 bus
547 594 919 678 optulisset.

290 736 359 785 49
510 682 695 749 Haec
739 703 861 768 ego
908 686 977 747 et
1020 683 1233 747 multa
1276 683 1408 747 alia
1453 682 1754 769 cogitans
1799 682 1927 749 hoc
1970 682 2312 767 videbam,
2355 684 2418 748 si
2469 702 2493 741 ⁵

382 794 649 837 causam
692 770 1025 855 publicam
1060 793 1209 836 mea
1243 792 1421 837 mors
1456 770 1863 856 peremisset,
1905 772 2238 837 neminem
2277 794 2418 837 um·

380 882 577 944 quam
638 859 805 942 fore,
870 859 983 943 qui
1046 860 1318 925 auderet
1379 860 1708 944 suscipere
1773 863 2004 925 contra
2065 859 2414 943 improbos

378 948 539 1014 civis
596 947 877 1013 salutem
930 947 1025 1011 rei
1078 948 1398 1031 publicae.
1479 947 1744 1033 Itaque,
1795 969 1930 1013 non
1975 947 2192 1013 solum
2239 949 2304 1013 si
2347 949 2414 1012 vi

376 1035 769 1120 interissem,
816 1036 930 1101 sed
974 1036 1177 1101 etiam
1222 1035 1281 1099 si
1327 1037 1560 1101 morbo
1606 1036 1936 1101 extinctus
1983 1056 2215 1119 essem,
2266 1036 2413 1102 fore

376 1125 695 1209 putabam
774 1128 851 1188 ut
932 1124 1302 1207 exemplum
1381 1124 1478 1189 rei
1553 1124 1854 1208 publicae
1925 1124 2412 1191 conservandae
2439 1145 2488 1184 10

377 1234 634 1278 mecum
697 1212 895 1277 simul
956 1212 1274 1277 interiret.
1369 1210 1530 1289 Quis
1595 1212 1771 1277 enim
1833 1233 2148 1295 umquam
2205 1234 2320 1279 me
2373 1235 2416 1277 a

376 1304 611 1366 senatu
672 1300 1046 1385 populoque
1105 1299 1406 1365 Romano
1469 1304 1660 1365 tanto
1726 1300 2018 1365 omnium
2079 1300 2414 1366 bonorum

378 1390 598 1455 studio
641 1411 777 1454 non
820 1389 1151 1472 restituto,
1198 1389 1374 1472 quod
1413 1392 1608 1473 certe,
1655 1389 1714 1453 si
1750 1410 1961 1453 essem
1996 1388 2412 1473 interfectus,

378 1478 666 1543 accidere
700 1499 837 1542 non
868 1476 1217 1561 potuisset,
1252 1477 1460 1542 ullam
1493 1477 1591 1542 rei
1625 1476 1926 1561 publicae
1961 1480 2221 1560 partem
2259 1500 2412 1543 cum

378 1588 498 1631 sua
543 1565 813 1630 minima
857 1564 1103 1630 invidia
1142 1565 1412 1631 auderet
1447 1566 1818 1651 attingere?
1893 1562 2162 1630 Servavi
2196 1565 2412 1651 igitur
2435 1584 2480 1626 1⁵

377 1675 517 1718 rem
560 1654 893 1736 publicam
938 1653 1229 1718 discessu
1272 1676 1421 1719 meo
1431 1704 1448 1738 ,
1493 1654 1768 1738 iudices3
1822 1654 2082 1719 caedem
2127 1674 2168 1716 a
2212 1654 2409 1719 vobis

377 1741 731 1825 liberisque
776 1741 1043 1825 vestris,
1096 1741 1506 1826 vastitatem,
1565 1741 1888 1825 incendia,
1941 1741 2208 1826 rapinas
2259 1764 2410 1807 meo

379 1828 601 1894 dolore
672 1828 982 1912 luctuque
1054 1829 1276 1913 depuli
1339 1834 1409 1895 et
1469 1850 1638 1895 unus
1699 1829 1806 1894 bis
1866 1851 2006 1895 rem
2066 1829 2410 1913 publicam

378 1917 657 2003 servavi,
713 1917 915 1982 semel
969 1916 1210 2003 gloria,
1262 1918 1505 1984 iterum
1559 1940 1870 1984 aerumna.
1917 1940 2078 1984 mea.
2171 1916 2408 2004 Neque

376 2006 552 2072 enim
596 2006 667 2070 in
709 2006 836 2070 hoc
881 2028 985 2070 me
1028 2006 1365 2071 hominem
1401 2027 1542 2072 esse
1579 2007 1916 2072 infitiabor
1948 2028 2288 2091 umquam,
2331 2012 2409 2072 ut
2431 2030 2476 2069 ιο

378 2116 482 2159 me
520 2095 770 2179 optimo
808 2093 1032 2177 fratre,
1078 2093 1434 2159 carissimis
1470 2095 1718 2177 liberis,
1751 2094 2070 2158 fidissima
2105 2096 2406 2181 coniuge,
2516 2107 2517 2117 ³

378 2187 596 2247 vestro
634 2186 1005 2265 eonspectu,
1042 2183 1275 2267 patria,
1310 2182 1437 2248 hoc
1472 2182 1742 2248 honoris
1775 2183 1981 2269 gradu
2009 2182 2152 2247 sine
2177 2183 2406 2250 dolore
2513 2195 2515 2211 1

378 2270 661 2334 caruisse
708 2269 968 2356 glorier.
1048 2269 1235 2346 Quod
1281 2270 1340 2335 si
1383 2270 1713 2355 fecissem,
1759 2270 1931 2355 quod
1975 2293 2018 2335 a
2061 2293 2168 2336 me
2213 2272 2406 2338 bene·

376 2358 599 2422 ficium
640 2357 992 2441 haberetis,
1039 2380 1187 2423 cum
1231 2380 1353 2442 pro
1397 2359 1586 2424 vobis
1633 2381 1728 2441 ea,
1773 2380 1938 2444 quae
1979 2359 2146 2424 mihi
2180 2365 2406 2426 essent
2509 2367 2511 2372 ’

377 2446 563 2529 vilia,
626 2445 1081 2546 reliquissem?
1161 2445 1310 2511 Hoc
1368 2468 1514 2512 meo
1571 2447 1832 2530 quidem
1884 2447 2102 2512 animo
2160 2449 2404 2514 summi
2429 2467 2509 2510 ιε·

377 2534 447 2598 ιιι
482 2532 767 2617 patriam
804 2534 1047 2598 amoris
1084 2535 1214 2598 mei
1254 2535 1516 2620 signum
1553 2556 1696 2600 esse
1722 2535 1916 2600 debet
1943 2535 2405 2619 certissimum,
2505 2539 2507 2542 ⁴

378 2622 569 2706 quod,
603 2643 752 2685 eum
780 2621 1007 2686 abesse
1036 2622 1119 2686 ab
1149 2645 1227 2687 ea
1255 2623 1394 2687 sine
1425 2644 1681 2688 summo
1711 2622 1932 2688 dolore
1958 2644 2093 2688 non
2119 2645 2403 2706 possem,

373 2710 549 2774 hunc
594 2731 699 2774 me
744 2709 999 2793 perpeti
1046 2731 1243 2794 quam
1288 2711 1473 2776 illam
1517 2710 1902 2777 labefactari
1946 2711 2030 2776 ab
2077 2710 2402 2795 improbis

285 2810 358 2860 60
377 2797 598 2863 malui.
662 2796 1108 2881 Memineram,
1135 2797 1398 2881 iudices,
1427 2799 1718 2864 divinum
1741 2799 1932 2865 illum
1956 2799 2174 2864 virum
2200 2805 2400 2884 atque

376 2909 456 2950 ex
491 2886 698 2950 isdem
737 2886 972 2968 quibus
1007 2907 1130 2951 nos
1166 2886 1496 2951 radicibus
1527 2891 1760 2952 natum
1785 2887 1868 2952 ad
1895 2886 2177 2952 salutem
2204 2888 2398 2954 huius
2423 2909 2470 2950 a·

373 2974 651 3059 imperii,
696 2971 767 3039 O.
803 2971 1104 3057 Marium,
1150 2995 1408 3039 summa
1441 2978 1794 3059 senectute,
1839 2997 1987 3040 cum
2022 2975 2160 3043 vim
2193 2999 2398 3061 prope

375 3063 699 3127 iustorum
757 3083 1089 3126 armorum
1140 3061 1573 3148 profugisset,
1634 3063 1847 3146 primo
1903 3063 2104 3128 senile
2161 3087 2396 3149 corpus

374 3149 720 3232 paludibus
768 3150 1131 3216 occultasse
1177 3151 1574 3234 demersum,
1621 3151 1848 3216 deinde
1893 3151 1976 3216 ad
2019 3152 2398 3220 infimorum

378 3259 454 3302 ac
522 3237 1057 3303 tenuissimorum
1128 3239 1471 3304 hominum
1533 3238 2083 3306 Minturnensium
2153 3242 2397 3307 miseri·

380 3325 667 3389 cordiam
704 3326 1101 3412 confugisse,
1138 3327 1288 3392 inde
1325 3328 1591 3428 navigio
1627 3349 1963 3412 perparvo,
2001 3335 2152 3394 cum
2183 3329 2393 3396 omnis
2417 3349 2464 3390 as

379 3415 607 3494 portus
624 3417 983 3513 'terrasque
1018 3415 1300 3500 fugeret,
1337 3416 1408 3482 in
1444 3439 1592 3483 oras
1620 3415 1880 3482 Africae
1915 3417 2394 3484 desertissimas

374 3499 765 3581 pervenisse.
850 3503 1066 3586 Atque
1112 3503 1225 3569 ille
1271 3504 1480 3571 vitam
1525 3526 1736 3590 suam,
1781 3525 1865 3570 ne
1907 3504 2159 3570 inultus
2205 3511 2395 3591 esset,
