2550 3875
785 161 941 215 cAP.
979 166 1189 216 36—38
1226 166 1256 226 ς
1297 165 1593 215 loo-105,
2067 160 2198 223 319

165 322 481 408 patefeci,
542 322 816 406 protuli,
881 321 1171 386 extinxi?
1282 318 1523 386 Omnes
1587 325 1659 384 in
1721 319 1824 384 me
1890 341 2198 406 meosque

169 411 537 476 redundant
596 432 674 474 ex
727 409 909 474 fonte
964 409 1080 473 illo
1136 408 1411 474 dolores.
1513 408 1683 485 Quid
1737 430 1840 473 me
1896 409 2198 474 reducem

172 521 314 564 esse
359 497 708 563 voluistis?
760 520 844 562 an
887 501 964 561 ut
1007 497 1414 581 inspectante
1451 519 1553 562 me
1592 497 2065 579 expellerentur
2109 497 2199 581 hi,

168 609 290 672 per
328 608 492 670 quos
531 607 741 650 essem
777 584 1170 650 restitutus?
1250 583 1495 668 Nolite,
1544 586 1812 649 obsecro
1850 607 1986 668 vos,
2030 607 2199 651 acer-

95 693 134 734 5
166 675 427 740 biorem
474 673 636 738 mihi
680 673 821 756 pati
865 673 1148 737 reditum
1195 693 1367 756 esse,
1417 693 1614 756 quam
1657 671 1857 737 fuerit
1900 673 2013 737 ille
2058 673 2198 757 ipse

171 763 517 828 discessus.
615 760 791 826 Nam
855 761 966 845 qui
1029 782 1301 845 possum
1362 764 1593 844 putare
1657 782 1759 824 me
1818 761 2199 825 restitutum

167 873 344 935 esse,
401 850 460 914 si
515 849 844 914 distrahar
898 850 979 912 ab
1036 848 1139 912 his
1149 899 1168 934 ,
1220 871 1339 932 per
1392 870 1555 932 quos
1612 848 1959 913 restitutus
2006 850 2195 914 sum?

305 938 582 1003 Utinam
638 937 704 1001 di
753 937 1154 1002 immortales
1201 936 1511 1001 fecissent
1556 934 1741 1020 (pace
1788 941 1920 1020 tua,
1965 937 2197 1020 patria,
2217 936 2301 1002 38

170 1026 476 1110 dixerim3
523 1029 742 1090 metuo
792 1025 964 1088 enim
972 1075 990 1109 ,
1033 1046 1115 1089 ne
1164 1025 1477 1089 scelerate
1524 1023 1736 1088 dicam
1781 1024 1850 1088 in
1895 1028 1980 1108 te,
2026 1026 2199 1109 quod

75 1133 144 1172 ιο
171 1137 294 1200 pro
343 1113 590 1179 Milone
637 1113 848 1178 dicam
891 1109 1052 1198 pie),
1097 1113 1351 1177 utinam
1395 1112 1467 1176 P.
1514 1111 1781 1178 Clodius
1824 1133 1960 1176 non
2004 1112 2195 1177 modo

168 1203 442 1286 viveret,
478 1201 591 1266 sed
620 1201 819 1266 etiam
846 1204 1128 1285 praetor,
1167 1200 1411 1285 consul,
1448 1200 1732 1264 dictator
1760 1203 1933 1264 esset
1958 1200 2198 1284 potius,

171 1313 372 1374 quam
425 1289 552 1354 hoc
606 1288 1049 1372 spectaculum
1108 1287 1417 1352 viderem!
1518 1287 1600 1372 Ο,
1654 1288 1721 1352 di
1774 1288 2304 1372 immortales,104

169 1378 416 1442 fortem
489 1381 556 1441 et
629 1399 668 1440 a
738 1377 952 1460 vobis,
1028 1375 1299 1460 iudices,
1374 1376 1884 1441 conservandum
1956 1375 2195 1440 virum!

173 1465 498 1544 ‘Minime,
560 1462 870 1548 minime',
929 1463 1163 1548 inquit.
1263 1462 1497 1529 ‘Immo
1561 1485 1713 1529 vero
1779 1485 2022 1548 poenas
2084 1464 2197 1527 ille

83 1572 142 1612 ιε
173 1554 430 1618 debitas
476 1553 701 1636 luerit3
749 1573 870 1616 nos
919 1552 1293 1636 subeamus,
1340 1552 1396 1615 si
1442 1552 1538 1615 ita
1582 1572 1845 1618 necesse
1893 1555 2021 1635 est,
2065 1574 2201 1616 non

171 1639 470 1707 debitas?
569 1640 802 1706 Hicine
866 1640 966 1704 vir
1029 1639 1283 1724 patriae
1344 1643 1540 1704 natus
1603 1661 1881 1724 usquam
1943 1640 2072 1704 nisi
2129 1640 2195 1703 in

171 1730 393 1814 patria
447 1729 762 1794 morietur
811 1731 952 1813 aut,
1007 1728 1064 1792 si
1108 1728 1309 1812 forte,
1361 1749 1480 1811 pro
1526 1727 1786 1811 patria?
1840 1727 2034 1793 huius
2081 1748 2198 1792 vos

173 1819 379 1883 animi
415 1820 834 1882 monumenta
867 1816 1256 1900 retinebitis,
1296 1816 1585 1899 corporis
1623 1816 1695 1881 in
1720 1815 1918 1879 Italia
1943 1816 2198 1880 nullum

175 1906 548 1992 sepulcrum
585 1927 723 1971 esse
760 1904 1146 1990 patiemini?
1172 1905 1347 1969 hunc
1372 1925 1490 1969 sua
1509 1903 1855 1987 quisquam
1875 1904 2200 1969 sententia

93 2014 147 2053 ιο
175 2017 255 2059 ex
299 1996 424 2059 hac
469 1995 630 2059 urbe
677 1994 972 2078 expellet,
1023 2016 1216 2078 quem
1261 2015 1486 2060 omnes
1533 1993 1727 2057 urbes
1775 1992 2116 2077 expulsum
2162 2014 2201 2055 a

173 2083 364 2147 vobis
411 2083 492 2146 ad
537 2104 604 2147 se
650 2082 1020 2146 vocabunt?
1104 2081 1159 2146 O
1207 2085 1452 2145 terram
1486 2081 1670 2145 illam
1706 2081 1986 2165 beatam,
2033 2091 2303 2164 quae105

172 2172 351 2235 hunc
387 2170 599 2235 virum
631 2170 973 2254 exceperit,
1011 2170 1178 2235 hanc
1219 2170 1566 2254 ingratam,
1605 2169 1661 2233 si
1694 2168 1973 2251 eiecerit,
2012 2168 2199 2232 mise·

174 2282 340 2343 ram,
370 2258 427 2323 si
461 2258 776 2323 amiserit!
834 2256 961 2323 Sed
987 2257 1137 2321 finis
1167 2257 1282 2341 sit;
1308 2278 1517 2341 neque
1547 2256 1721 2321 enim
1738 2277 1894 2340 prae
1912 2256 2199 2321 lacrimis

175 2347 311 2411 iam
364 2346 547 2430 loqui
600 2367 896 2430 possum,
951 2350 1018 2411 et
1069 2346 1177 2409 hic
1233 2366 1301 2409 se
1354 2344 1642 2409 lacrimis
1698 2344 1953 2409 defendi
2002 2348 2199 2409 vetat.

95 2450 148 2492 2⁵
177 2433 318 2499 Vos
358 2455 472 2498 oro
513 2434 954 2518 obtestorque,
998 2434 1260 2518 iudices,
1302 2438 1379 2497 ut
1413 2434 1485 2498 in
1520 2432 1863 2499 sententiis
1901 2432 2199 2515 ferendis,

177 2523 352 2607 quod
415 2522 738 2606 sentietis,
801 2521 870 2585 id
932 2521 1242 2585 audeatis
1350 2520 1651 2585 Vestram
1704 2520 2042 2605 virtutem,
2105 2521 2198 2583 iu-

178 2611 459 2693 stitiam,
504 2610 725 2694 fidem,
770 2609 934 2674 mihi
980 2610 1239 2693 credite,
1286 2609 1342 2673 is
1390 2610 1667 2673 maxime
1712 2608 2040 2692 probabit,
2085 2609 2199 2692 qui

175 2700 247 2763 in
306 2697 628 2763 iudicibus
681 2698 974 2783 legendis
1031 2698 1352 2781 optimum
1406 2701 1473 2761 et
1525 2697 2079 2781 sapientissimum
2134 2700 2203 2759 et

177 2786 613 2853 fortissimum
660 2808 977 2871 quemque
1025 2786 1242 2870 elegit.

983 3136 1397 3150 ......-—--—-—-
