<?xml version="1.0" encoding="UTF-8"?>
<!DOCTYPE html PUBLIC "-//W3C//DTD XHTML 1.0 Transitional//EN"
    "http://www.w3.org/TR/xhtml1/DTD/xhtml1-transitional.dtd">
<html xmlns="http://www.w3.org/1999/xhtml" xml:lang="en" lang="en">
 <head>
  <title>
</title>
<meta http-equiv="Content-Type" content="text/html;charset=utf-8" />
  <meta name='ocr-system' content='tesseract 3.04.00' />
  <meta name='ocr-capabilities' content='ocr_page ocr_carea ocr_par ocr_line ocrx_word'/>
</head>
<body>
  <div class='ocr_page' id='page_1' title='image "./scriptaquaemans00mlgoog_0532.png"; bbox 0 0 2550 3875; ppageno 0'>
   <div class='ocr_carea' id='block_1_1' title="bbox 312 1331 381 1380">
    <p class='ocr_par' dir='ltr' id='par_1_1' title="bbox 312 1331 381 1380">
     <span class='ocr_line' id='line_1_1' title="bbox 312 1331 381 1380; baseline 0 0"><span class='ocrx_word' id='word_1_1' title='bbox 312 1331 381 1380; x_wconf 78' lang='lat'><strong>63</strong></span> 
     </span>
    </p>
   </div>
   <div class='ocr_carea' id='block_1_2' title="bbox 404 183 2168 251">
    <p class='ocr_par' dir='ltr' id='par_1_2' title="bbox 404 183 2168 251">
     <span class='ocr_line' id='line_1_2' title="bbox 404 183 2168 251; baseline -0.006 -2"><span class='ocrx_word' id='word_1_2' title='bbox 404 185 537 251; x_wconf 86' lang='grc'><strong>396</strong></span> <span class='ocrx_word' id='word_1_3' title='bbox 680 185 761 239; x_wconf 85' lang='lat' dir='ltr'><strong>IN</strong></span> <span class='ocrx_word' id='word_1_4' title='bbox 800 187 872 240; x_wconf 92' lang='lat' dir='ltr'><strong>M.</strong></span> <span class='ocrx_word' id='word_1_5' title='bbox 912 183 1308 239; x_wconf 79' lang='lat' dir='ltr'><strong>ANTONIUM</strong></span> <span class='ocrx_word' id='word_1_6' title='bbox 1343 183 1612 239; x_wconf 85' lang='lat' dir='ltr'><strong>ORATIO</strong></span> <span class='ocrx_word' id='word_1_7' title='bbox 1650 183 2062 240; x_wconf 80' lang='lat' dir='ltr'>PHILIPPICA</span> <span class='ocrx_word' id='word_1_8' title='bbox 2097 185 2168 238; x_wconf 90' lang='lat'><strong>11.</strong></span> 
     </span>
    </p>
   </div>
   <div class='ocr_carea' id='block_1_3' title="bbox 397 345 2540 1751">
    <p class='ocr_par' dir='ltr' id='par_1_3' title="bbox 398 345 2540 1312">
     <span class='ocr_line' id='line_1_3' title="bbox 402 345 2447 432; baseline 0 -21"><span class='ocrx_word' id='word_1_9' title='bbox 402 346 657 430; x_wconf 91' lang='lat' dir='ltr'><strong>Hippia</strong></span> <span class='ocrx_word' id='word_1_10' title='bbox 691 347 909 412; x_wconf 85' lang='lat' dir='ltr'><strong>vivere</strong></span> <span class='ocrx_word' id='word_1_11' title='bbox 948 350 1016 411; x_wconf 91' lang='lat' dir='ltr'><strong>et</strong></span> <span class='ocrx_word' id='word_1_12' title='bbox 1053 368 1254 432; x_wconf 89' lang='lat' dir='ltr'><strong>equos</strong></span> <span class='ocrx_word' id='word_1_13' title='bbox 1292 345 1636 432; x_wconf 81' lang='lat' dir='ltr'><strong>vectigalis</strong></span> <span class='ocrx_word' id='word_1_14' title='bbox 1667 345 1898 431; x_wconf 87' lang='lat' dir='ltr'><strong>Sergio</strong></span> <span class='ocrx_word' id='word_1_15' title='bbox 1930 347 2132 412; x_wconf 88' lang='lat' dir='ltr'><strong>mimo</strong></span> <span class='ocrx_word' id='word_1_16' title='bbox 2161 347 2447 412; x_wconf 84' lang='lat' dir='ltr'><strong>tradere.</strong></span> 
     </span>
     <span class='ocr_line' id='line_1_4' title="bbox 404 435 2446 519; baseline 0 -20"><span class='ocrx_word' id='word_1_17' title='bbox 404 436 572 499; x_wconf 90' lang='lat' dir='ltr'><strong>Tum</strong></span> <span class='ocrx_word' id='word_1_18' title='bbox 619 435 747 500; x_wconf 90' lang='lat' dir='ltr'><strong>sibi</strong></span> <span class='ocrx_word' id='word_1_19' title='bbox 790 456 925 501; x_wconf 90' lang='lat' dir='ltr'><strong>non</strong></span> <span class='ocrx_word' id='word_1_20' title='bbox 967 435 1164 517; x_wconf 84' lang='lat' dir='ltr'><strong>hanc,</strong></span> <span class='ocrx_word' id='word_1_21' title='bbox 1212 455 1412 519; x_wconf 88' lang='lat' dir='ltr'><strong>quam</strong></span> <span class='ocrx_word' id='word_1_22' title='bbox 1455 457 1630 500; x_wconf 90' lang='lat' dir='ltr'><strong>nunc</strong></span> <span class='ocrx_word' id='word_1_23' title='bbox 1676 435 1846 500; x_wconf 89' lang='lat' dir='ltr'><strong>male</strong></span> <span class='ocrx_word' id='word_1_24' title='bbox 1893 438 2143 518; x_wconf 84' lang='lat' dir='ltr'><strong>tuetur,</strong></span> <span class='ocrx_word' id='word_1_25' title='bbox 2189 436 2306 500; x_wconf 88' lang='lat' dir='ltr'><strong>sed</strong></span> <span class='ocrx_word' id='word_1_26' title='bbox 2353 435 2446 500; x_wconf 88' lang='lat' dir='ltr'><strong>M.</strong></span> 
     </span>
     <span class='ocr_line' id='line_1_5' title="bbox 404 521 2446 608; baseline 0.001 -22"><span class='ocrx_word' id='word_1_27' title='bbox 404 521 665 590; x_wconf 87' lang='lat' dir='ltr'><strong>Pisonis</strong></span> <span class='ocrx_word' id='word_1_28' title='bbox 734 524 1031 607; x_wconf 85' lang='lat' dir='ltr'><strong>domum,</strong></span> <span class='ocrx_word' id='word_1_29' title='bbox 1098 522 1215 588; x_wconf 91' lang='lat' dir='ltr'><strong>ubi</strong></span> <span class='ocrx_word' id='word_1_30' title='bbox 1260 523 1621 605; x_wconf 72' lang='lat' dir='ltr'><strong>habitaret,</strong></span> <span class='ocrx_word' id='word_1_31' title='bbox 1695 524 1965 608; x_wconf 76' lang='lat' dir='ltr'>legerat.</span> <span class='ocrx_word' id='word_1_32' title='bbox 2075 523 2250 598; x_wconf 83' lang='lat' dir='ltr'>Quid</span> <span class='ocrx_word' id='word_1_33' title='bbox 2313 545 2446 608; x_wconf 89' lang='lat' dir='ltr'><strong>ego</strong></span> 
     </span>
     <span class='ocr_line' id='line_1_6' title="bbox 402 610 2445 695; baseline 0 -21"><span class='ocrx_word' id='word_1_34' title='bbox 402 611 598 675; x_wconf 91' lang='lat' dir='ltr'><strong>istius</strong></span> <span class='ocrx_word' id='word_1_35' title='bbox 645 611 923 694; x_wconf 84' lang='lat' dir='ltr'><strong>decreta,</strong></span> <span class='ocrx_word' id='word_1_36' title='bbox 968 610 1124 694; x_wconf 92' lang='lat' dir='ltr'><strong>quid</strong></span> <span class='ocrx_word' id='word_1_37' title='bbox 1170 612 1454 695; x_wconf 88' lang='lat' dir='ltr'><strong>rapinas,</strong></span> <span class='ocrx_word' id='word_1_38' title='bbox 1503 611 1660 695; x_wconf 82' lang='lat' dir='ltr'><strong>quid</strong></span> <span class='ocrx_word' id='word_1_39' title='bbox 1703 611 2148 676; x_wconf 87' lang='lat' dir='ltr'><strong>hereditatum</strong></span> <span class='ocrx_word' id='word_1_40' title='bbox 2183 633 2445 695; x_wconf 91' lang='lat' dir='ltr'><strong>posses-</strong></span> 
     </span>
     <span class='ocr_line' id='line_1_7' title="bbox 404 697 2520 784; baseline 0.001 -22"><span class='ocrx_word' id='word_1_41' title='bbox 404 699 620 764; x_wconf 90' lang='lat' dir='ltr'><strong>siones</strong></span> <span class='ocrx_word' id='word_1_42' title='bbox 658 699 864 782; x_wconf 77' lang='lat' dir='ltr'><strong>dataS,</strong></span> <span class='ocrx_word' id='word_1_43' title='bbox 902 699 1060 783; x_wconf 90' lang='lat' dir='ltr'><strong>quid</strong></span> <span class='ocrx_word' id='word_1_44' title='bbox 1097 704 1356 783; x_wconf 85' lang='lat' dir='ltr'><strong>ereptas</strong></span> <span class='ocrx_word' id='word_1_45' title='bbox 1388 698 1762 782; x_wconf 79' lang='lat' dir='ltr'><strong>proferam?</strong></span> <span class='ocrx_word' id='word_1_46' title='bbox 1801 697 2118 784; x_wconf 77' lang='lat' dir='ltr'><strong>Cogebat</strong></span> <span class='ocrx_word' id='word_1_47' title='bbox 2147 703 2443 784; x_wconf 88' lang='lat' dir='ltr'><strong>egestas3</strong></span> <span class='ocrx_word' id='word_1_48' title='bbox 2493 723 2520 764; x_wconf 80' lang='lat'><strong>5</strong></span> 
     </span>
     <span class='ocr_line' id='line_1_8' title="bbox 404 787 2443 871; baseline 0 -19"><span class='ocrx_word' id='word_1_49' title='bbox 404 808 532 871; x_wconf 90' lang='lat' dir='ltr'><strong>quo</strong></span> <span class='ocrx_word' id='word_1_50' title='bbox 582 809 650 852; x_wconf 91' lang='lat' dir='ltr'><strong>se</strong></span> <span class='ocrx_word' id='word_1_51' title='bbox 696 791 1009 867; x_wconf 81' lang='lat' dir='ltr'><strong>verteret,</strong></span> <span class='ocrx_word' id='word_1_52' title='bbox 1060 809 1197 851; x_wconf 89' lang='lat' dir='ltr'><strong>non</strong></span> <span class='ocrx_word' id='word_1_53' title='bbox 1239 787 1558 871; x_wconf 89' lang='lat' dir='ltr'><strong>habebat3</strong></span> <span class='ocrx_word' id='word_1_54' title='bbox 1600 787 1889 852; x_wconf 88' lang='lat' dir='ltr'><strong>nondum</strong></span> <span class='ocrx_word' id='word_1_55' title='bbox 1935 787 1996 852; x_wconf 88' lang='lat' dir='ltr'><strong>ei</strong></span> <span class='ocrx_word' id='word_1_56' title='bbox 2040 790 2231 852; x_wconf 88' lang='lat' dir='ltr'><strong>tanta</strong></span> <span class='ocrx_word' id='word_1_57' title='bbox 2280 811 2324 851; x_wconf 86' lang='lat' dir='ltr'><strong>a</strong></span> <span class='ocrx_word' id='word_1_58' title='bbox 2367 787 2443 853; x_wconf 89' lang='lat' dir='ltr'><strong>L.</strong></span> 
     </span>
     <span class='ocr_line' id='line_1_9' title="bbox 402 873 2442 960; baseline 0.001 -22"><span class='ocrx_word' id='word_1_59' title='bbox 402 875 673 959; x_wconf 86' lang='lat' dir='ltr'><strong>Rubrio,</strong></span> <span class='ocrx_word' id='word_1_60' title='bbox 717 897 853 940; x_wconf 90' lang='lat' dir='ltr'><strong>non</strong></span> <span class='ocrx_word' id='word_1_61' title='bbox 896 897 937 940; x_wconf 85' lang='lat' dir='ltr'><strong>a</strong></span> <span class='ocrx_word' id='word_1_62' title='bbox 970 873 1043 940; x_wconf 83' lang='lat' dir='ltr'><strong>L.</strong></span> <span class='ocrx_word' id='word_1_63' title='bbox 1082 875 1381 940; x_wconf 82' lang='lat' dir='ltr'><strong>Turselio</strong></span> <span class='ocrx_word' id='word_1_64' title='bbox 1427 875 1757 940; x_wconf 87' lang='lat' dir='ltr'><strong>hereditas</strong></span> <span class='ocrx_word' id='word_1_65' title='bbox 1804 879 2100 960; x_wconf 85' lang='lat' dir='ltr'><strong>venerat3</strong></span> <span class='ocrx_word' id='word_1_66' title='bbox 2145 877 2442 940; x_wconf 89' lang='lat' dir='ltr'><strong>nondum</strong></span> 
     </span>
     <span class='ocr_line' id='line_1_10' title="bbox 400 961 2540 1047; baseline -0.001 -17"><span class='ocrx_word' id='word_1_67' title='bbox 400 963 472 1030; x_wconf 86' lang='lat' dir='ltr'><strong>in</strong></span> <span class='ocrx_word' id='word_1_68' title='bbox 516 961 631 1030; x_wconf 83' lang='lat' dir='ltr'><strong>On.</strong></span> <span class='ocrx_word' id='word_1_69' title='bbox 676 963 949 1047; x_wconf 84' lang='lat' dir='ltr'>Pompei</span> <span class='ocrx_word' id='word_1_70' title='bbox 1001 962 1218 1028; x_wconf 91' lang='lat' dir='ltr'><strong>locum</strong></span> <span class='ocrx_word' id='word_1_71' title='bbox 1264 964 1754 1047; x_wconf 86' lang='lat' dir='ltr'><strong>multorumque</strong></span> <span class='ocrx_word' id='word_1_72' title='bbox 1802 964 2107 1045; x_wconf 87' lang='lat' dir='ltr'><strong>aliorum,</strong></span> <span class='ocrx_word' id='word_1_73' title='bbox 2167 965 2282 1047; x_wconf 91' lang='lat' dir='ltr'><strong>qui</strong></span> <span class='ocrx_word' id='word_1_74' title='bbox 2329 965 2443 1028; x_wconf 89' lang='lat' dir='ltr'><strong>ab-</strong></span> <span class='ocrx_word' id='word_1_75' title='bbox 2533 997 2540 1004; x_wconf 88' lang='lat'><strong>·</strong></span> 
     </span>
     <span class='ocr_line' id='line_1_11' title="bbox 401 1050 2442 1136; baseline 0.001 -21"><span class='ocrx_word' id='word_1_76' title='bbox 401 1055 607 1136; x_wconf 89' lang='lat' dir='ltr'><strong>erant,</strong></span> <span class='ocrx_word' id='word_1_77' title='bbox 642 1052 1023 1136; x_wconf 87' lang='lat' dir='ltr'><strong>repentinus</strong></span> <span class='ocrx_word' id='word_1_78' title='bbox 1060 1051 1250 1116; x_wconf 88' lang='lat' dir='ltr'><strong>heres</strong></span> <span class='ocrx_word' id='word_1_79' title='bbox 1291 1055 1711 1117; x_wconf 70' lang='lat' dir='ltr'><strong>successerat.</strong></span> <span class='ocrx_word' id='word_1_80' title='bbox 1785 1051 1952 1116; x_wconf 86' lang='lat' dir='ltr'><strong>Erat</strong></span> <span class='ocrx_word' id='word_1_81' title='bbox 1988 1052 2050 1116; x_wconf 95' lang='lat' dir='ltr'><strong>ei</strong></span> <span class='ocrx_word' id='word_1_82' title='bbox 2085 1050 2442 1117; x_wconf 82' lang='lat' dir='ltr'><strong>vivendum</strong></span> 
     </span>
     <span class='ocr_line' id='line_1_12' title="bbox 400 1139 2518 1224; baseline 0.001 -22"><span class='ocrx_word' id='word_1_83' title='bbox 400 1139 733 1204; x_wconf 86' lang='lat' dir='ltr'><strong>latronum</strong></span> <span class='ocrx_word' id='word_1_84' title='bbox 796 1139 957 1220; x_wconf 90' lang='lat' dir='ltr'><strong>ritu,</strong></span> <span class='ocrx_word' id='word_1_85' title='bbox 1021 1143 1098 1203; x_wconf 88' lang='lat' dir='ltr'><strong>ut</strong></span> <span class='ocrx_word' id='word_1_86' title='bbox 1154 1142 1414 1206; x_wconf 89' lang='lat' dir='ltr'><strong>tantum</strong></span> <span class='ocrx_word' id='word_1_87' title='bbox 1467 1140 1768 1222; x_wconf 86' lang='lat' dir='ltr'><strong>haberet,</strong></span> <span class='ocrx_word' id='word_1_88' title='bbox 1832 1143 2151 1224; x_wconf 86' lang='lat' dir='ltr'><strong>quantum</strong></span> <span class='ocrx_word' id='word_1_89' title='bbox 2206 1161 2440 1224; x_wconf 84' lang='lat' dir='ltr'><strong>rapere</strong></span> <span class='ocrx_word' id='word_1_90' title='bbox 2468 1166 2518 1204; x_wconf 83' lang='lat'><strong>10</strong></span> 
     </span>
     <span class='ocr_line' id='line_1_13' title="bbox 398 1227 743 1312; baseline 0 -20"><span class='ocrx_word' id='word_1_91' title='bbox 398 1227 743 1312; x_wconf 89' lang='lat' dir='ltr'><strong>potuisset.</strong></span> 
     </span>
    </p>

    <p class='ocr_par' dir='ltr' id='par_1_4' title="bbox 397 1313 2512 1750">
     <span class='ocr_line' id='line_1_14' title="bbox 534 1313 2440 1416; baseline 0 -36"><span class='ocrx_word' id='word_1_92' title='bbox 534 1313 661 1382; x_wconf 85' lang='lat' dir='ltr'><strong>Sed</strong></span> <span class='ocrx_word' id='word_1_93' title='bbox 741 1315 933 1399; x_wconf 82' lang='lat' dir='ltr'><strong>haec,</strong></span> <span class='ocrx_word' id='word_1_94' title='bbox 1012 1338 1175 1400; x_wconf 85' lang='lat' dir='ltr'><strong>quae</strong></span> <span class='ocrx_word' id='word_1_95' title='bbox 1256 1315 1650 1381; x_wconf 70' lang='lat' dir='ltr'><strong>robustioris</strong></span> <span class='ocrx_word' id='word_1_96' title='bbox 1731 1315 2179 1416; x_wconf 75' lang='lat' dir='ltr'><strong>improbitatis</strong></span> <span class='ocrx_word' id='word_1_97' title='bbox 2263 1323 2440 1400; x_wconf 87' lang='lat' dir='ltr'><strong>sunt,</strong></span> 
     </span>
     <span class='ocr_line' id='line_1_15' title="bbox 398 1403 2438 1488; baseline 0 -20"><span class='ocrx_word' id='word_1_98' title='bbox 398 1404 811 1487; x_wconf 89' lang='lat' dir='ltr'><strong>omittamus3</strong></span> <span class='ocrx_word' id='word_1_99' title='bbox 881 1403 1229 1487; x_wconf 88' lang='lat' dir='ltr'><strong>loquamur</strong></span> <span class='ocrx_word' id='word_1_100' title='bbox 1300 1405 1522 1487; x_wconf 91' lang='lat' dir='ltr'><strong>potius</strong></span> <span class='ocrx_word' id='word_1_101' title='bbox 1587 1405 1665 1468; x_wconf 93' lang='lat' dir='ltr'><strong>de</strong></span> <span class='ocrx_word' id='word_1_102' title='bbox 1728 1404 2131 1487; x_wconf 86' lang='lat' dir='ltr'><strong>nequissimo</strong></span> <span class='ocrx_word' id='word_1_103' title='bbox 2197 1425 2438 1488; x_wconf 83' lang='lat' dir='ltr'><strong>genere</strong></span> 
     </span>
     <span class='ocr_line' id='line_1_16' title="bbox 397 1489 2437 1578; baseline 0.002 -24"><span class='ocrx_word' id='word_1_104' title='bbox 397 1491 707 1555; x_wconf 86' lang='lat' dir='ltr'><strong>levitatis.</strong></span> <span class='ocrx_word' id='word_1_105' title='bbox 796 1489 898 1554; x_wconf 85' lang='lat' dir='ltr'><strong>Tu</strong></span> <span class='ocrx_word' id='word_1_106' title='bbox 951 1491 1099 1556; x_wconf 89' lang='lat' dir='ltr'><strong>istis</strong></span> <span class='ocrx_word' id='word_1_107' title='bbox 1145 1491 1472 1573; x_wconf 87' lang='lat' dir='ltr'><strong>faucibus,</strong></span> <span class='ocrx_word' id='word_1_108' title='bbox 1527 1492 1678 1556; x_wconf 89' lang='lat' dir='ltr'><strong>istis</strong></span> <span class='ocrx_word' id='word_1_109' title='bbox 1723 1491 2072 1576; x_wconf 85' lang='lat' dir='ltr'><strong>lateribus,</strong></span> <span class='ocrx_word' id='word_1_110' title='bbox 2116 1492 2250 1556; x_wconf 91' lang='lat' dir='ltr'><strong>ista</strong></span> <span class='ocrx_word' id='word_1_111' title='bbox 2299 1494 2437 1578; x_wconf 82' lang='lat' dir='ltr'><strong>gla-</strong></span> 
     </span>
     <span class='ocr_line' id='line_1_17' title="bbox 398 1579 2512 1664; baseline 0.002 -22"><span class='ocrx_word' id='word_1_112' title='bbox 398 1579 680 1643; x_wconf 88' lang='lat' dir='ltr'><strong>diatoria</strong></span> <span class='ocrx_word' id='word_1_113' title='bbox 759 1579 969 1644; x_wconf 86' lang='lat' dir='ltr'><strong>totius</strong></span> <span class='ocrx_word' id='word_1_114' title='bbox 1053 1580 1346 1664; x_wconf 90' lang='lat' dir='ltr'><strong>corporis</strong></span> <span class='ocrx_word' id='word_1_115' title='bbox 1427 1580 1742 1646; x_wconf 86' lang='lat' dir='ltr'><strong>firmitate</strong></span> <span class='ocrx_word' id='word_1_116' title='bbox 1821 1583 2082 1644; x_wconf 88' lang='lat' dir='ltr'><strong>tantum</strong></span> <span class='ocrx_word' id='word_1_117' title='bbox 2153 1580 2294 1644; x_wconf 84' lang='lat' dir='ltr'><strong>vini</strong></span> <span class='ocrx_word' id='word_1_118' title='bbox 2366 1582 2436 1647; x_wconf 90' lang='grc'><strong>111</strong></span> <span class='ocrx_word' id='word_1_119' title='bbox 2463 1607 2512 1646; x_wconf 79' lang='lat'><strong>15</strong></span> 
     </span>
     <span class='ocr_line' id='line_1_18' title="bbox 397 1665 2436 1751; baseline 0.002 -21"><span class='ocrx_word' id='word_1_120' title='bbox 397 1665 682 1750; x_wconf 85' lang='lat' dir='ltr'><strong>Hippiae</strong></span> <span class='ocrx_word' id='word_1_121' title='bbox 735 1667 989 1750; x_wconf 88' lang='lat' dir='ltr'><strong>nuptiis</strong></span> <span class='ocrx_word' id='word_1_122' title='bbox 1044 1668 1464 1751; x_wconf 78' lang='lat' dir='ltr'><strong>exhauseras„</strong></span> <span class='ocrx_word' id='word_1_123' title='bbox 1518 1672 1594 1732; x_wconf 88' lang='lat' dir='ltr'><strong>ut</strong></span> <span class='ocrx_word' id='word_1_124' title='bbox 1650 1667 1776 1733; x_wconf 89' lang='lat' dir='ltr'><strong>tibi</strong></span> <span class='ocrx_word' id='word_1_125' title='bbox 1829 1689 2094 1733; x_wconf 90' lang='lat' dir='ltr'><strong>necesse</strong></span> <span class='ocrx_word' id='word_1_126' title='bbox 2142 1673 2320 1736; x_wconf 85' lang='lat' dir='ltr'><strong>esset</strong></span> <span class='ocrx_word' id='word_1_127' title='bbox 2365 1669 2436 1734; x_wconf 90' lang='lat' dir='ltr'><strong>in</strong></span> 
     </span>
    </p>
   </div>
   <div class='ocr_carea' id='block_1_4' title="bbox 289 1753 2433 1840">
    <p class='ocr_par' dir='ltr' id='par_1_5' title="bbox 289 1753 2433 1840">
     <span class='ocr_line' id='line_1_19' title="bbox 289 1753 2433 1840; baseline 0.002 -24"><span class='ocrx_word' id='word_1_128' title='bbox 289 1826 292 1829; x_wconf 44' lang='grc'><em>,</em></span> <span class='ocrx_word' id='word_1_129' title='bbox 382 1754 625 1837; x_wconf 69' lang='lat' dir='ltr'><strong>,populi</strong></span> <span class='ocrx_word' id='word_1_130' title='bbox 678 1753 961 1820; x_wconf 87' lang='lat' dir='ltr'><strong>Romani</strong></span> <span class='ocrx_word' id='word_1_131' title='bbox 1016 1760 1370 1839; x_wconf 89' lang='lat' dir='ltr'><strong>conspectu</strong></span> <span class='ocrx_word' id='word_1_132' title='bbox 1424 1777 1688 1821; x_wconf 81' lang='lat' dir='ltr'><strong>vomere</strong></span> <span class='ocrx_word' id='word_1_133' title='bbox 1739 1756 2077 1840; x_wconf 85' lang='lat' dir='ltr'><strong>postridie.</strong></span> <span class='ocrx_word' id='word_1_134' title='bbox 2182 1755 2237 1821; x_wconf 93' lang='grc' dir='ltr'>Ο</span> <span class='ocrx_word' id='word_1_135' title='bbox 2295 1779 2433 1821; x_wconf 89' lang='lat' dir='ltr'><strong>rem</strong></span> 
     </span>
    </p>
   </div>
   <div class='ocr_carea' id='block_1_5' title="bbox 211 2525 376 2590">
    <p class='ocr_par' dir='ltr' id='par_1_6' title="bbox 211 2525 376 2590">
     <span class='ocr_line' id='line_1_20' title="bbox 211 2525 376 2590; baseline 0 0"><span class='ocrx_word' id='word_1_136' title='bbox 211 2525 376 2590; x_wconf 83' lang='grc'><strong>’26</strong></span> 
     </span>
    </p>
   </div>
   <div class='ocr_carea' id='block_1_6' title="bbox 306 1842 2550 3516">
    <p class='ocr_par' dir='ltr' id='par_1_7' title="bbox 393 1842 2550 3516">
     <span class='ocr_line' id='line_1_21' title="bbox 395 1842 2434 1927; baseline 0.001 -21"><span class='ocrx_word' id='word_1_137' title='bbox 395 1864 531 1907; x_wconf 83' lang='grc'>11011</span> <span class='ocrx_word' id='word_1_138' title='bbox 584 1842 777 1908; x_wconf 91' lang='lat' dir='ltr'><strong>modo</strong></span> <span class='ocrx_word' id='word_1_139' title='bbox 832 1843 979 1908; x_wconf 83' lang='lat' dir='ltr'><strong>visu</strong></span> <span class='ocrx_word' id='word_1_140' title='bbox 1031 1842 1316 1927; x_wconf 84' lang='lat' dir='ltr'><strong>foedam,</strong></span> <span class='ocrx_word' id='word_1_141' title='bbox 1372 1843 1484 1909; x_wconf 86' lang='lat' dir='ltr'><strong>sed</strong></span> <span class='ocrx_word' id='word_1_142' title='bbox 1540 1844 1740 1910; x_wconf 83' lang='lat' dir='ltr'><strong>etiam</strong></span> <span class='ocrx_word' id='word_1_143' title='bbox 1795 1843 2048 1908; x_wconf 78' lang='lat' dir='ltr'><strong>auditu!</strong></span> <span class='ocrx_word' id='word_1_144' title='bbox 2143 1842 2216 1910; x_wconf 84' lang='lat' dir='ltr'><strong>Si</strong></span> <span class='ocrx_word' id='word_1_145' title='bbox 2259 1845 2434 1910; x_wconf 88' lang='lat' dir='ltr'><strong>inter</strong></span> 
     </span>
     <span class='ocr_line' id='line_1_22' title="bbox 399 1931 2431 2018; baseline 0.001 -22"><span class='ocrx_word' id='word_1_146' title='bbox 399 1953 626 1997; x_wconf 87' lang='lat' dir='ltr'><strong>cenam</strong></span> <span class='ocrx_word' id='word_1_147' title='bbox 677 1931 749 1996; x_wconf 89' lang='lat' dir='ltr'><strong>in</strong></span> <span class='ocrx_word' id='word_1_148' title='bbox 800 1931 963 2015; x_wconf 89' lang='lat' dir='ltr'><strong>ipsis</strong></span> <span class='ocrx_word' id='word_1_149' title='bbox 1021 1931 1153 1997; x_wconf 91' lang='lat' dir='ltr'><strong>tuis</strong></span> <span class='ocrx_word' id='word_1_150' title='bbox 1208 1931 1604 1999; x_wconf 86' lang='lat' dir='ltr'><strong>immanibus</strong></span> <span class='ocrx_word' id='word_1_151' title='bbox 1655 1932 1788 1997; x_wconf 89' lang='lat' dir='ltr'><strong>illis</strong></span> <span class='ocrx_word' id='word_1_152' title='bbox 1832 1933 2090 2018; x_wconf 89' lang='lat' dir='ltr'><strong>poculis</strong></span> <span class='ocrx_word' id='word_1_153' title='bbox 2132 1932 2264 2001; x_wconf 83' lang='lat' dir='ltr'><strong>hoc</strong></span> <span class='ocrx_word' id='word_1_154' title='bbox 2308 1934 2431 1999; x_wconf 91' lang='lat' dir='ltr'><strong>tibi</strong></span> 
     </span>
     <span class='ocr_line' id='line_1_23' title="bbox 396 2020 2550 2105; baseline 0.001 -19"><span class='ocrx_word' id='word_1_155' title='bbox 396 2020 768 2103; x_wconf 82' lang='lat' dir='ltr'><strong>accidisset,</strong></span> <span class='ocrx_word' id='word_1_156' title='bbox 834 2020 981 2103; x_wconf 91' lang='lat' dir='ltr'><strong>quis</strong></span> <span class='ocrx_word' id='word_1_157' title='bbox 1042 2042 1179 2087; x_wconf 88' lang='lat' dir='ltr'><strong>non</strong></span> <span class='ocrx_word' id='word_1_158' title='bbox 1241 2025 1432 2105; x_wconf 90' lang='lat' dir='ltr'><strong>turpe</strong></span> <span class='ocrx_word' id='word_1_159' title='bbox 1487 2021 1794 2086; x_wconf 74' lang='lat' dir='ltr'><strong>duceret?</strong></span> <span class='ocrx_word' id='word_1_160' title='bbox 1894 2020 2004 2089; x_wconf 84' lang='grc'>111,’</span> <span class='ocrx_word' id='word_1_161' title='bbox 2029 2026 2221 2086; x_wconf 92' lang='lat' dir='ltr'><strong>coetu</strong></span> <span class='ocrx_word' id='word_1_162' title='bbox 2277 2045 2427 2087; x_wconf 84' lang='lat' dir='ltr'><strong>vero</strong></span> <span class='ocrx_word' id='word_1_163' title='bbox 2455 2049 2506 2087; x_wconf 84' lang='lat'><strong>20</strong></span> <span class='ocrx_word' id='word_1_164' title='bbox 2549 2067 2550 2072; x_wconf 22' lang='grc' dir='ltr'><strong>κ</strong></span> 
     </span>
     <span class='ocr_line' id='line_1_24' title="bbox 393 2108 2428 2195; baseline 0 -22"><span class='ocrx_word' id='word_1_165' title='bbox 393 2108 622 2191; x_wconf 90' lang='lat' dir='ltr'><strong>populi</strong></span> <span class='ocrx_word' id='word_1_166' title='bbox 676 2108 959 2173; x_wconf 77' lang='lat' dir='ltr'><strong>Romani</strong></span> <span class='ocrx_word' id='word_1_167' title='bbox 1019 2109 1398 2193; x_wconf 85' lang='lat' dir='ltr'><strong>negotium</strong></span> <span class='ocrx_word' id='word_1_168' title='bbox 1422 2109 1760 2192; x_wconf 89' lang='lat' dir='ltr'><strong>publicum</strong></span> <span class='ocrx_word' id='word_1_169' title='bbox 1823 2129 2055 2194; x_wconf 88' lang='lat' dir='ltr'><strong>gerens</strong></span> <span class='ocrx_word' id='word_1_170' title='bbox 2111 2110 2428 2195; x_wconf 86' lang='lat' dir='ltr'><strong>magister</strong></span> 
     </span>
     <span class='ocr_line' id='line_1_25' title="bbox 395 2196 2428 2281; baseline 0.002 -22"><span class='ocrx_word' id='word_1_171' title='bbox 395 2196 723 2279; x_wconf 87' lang='lat' dir='ltr'><strong>equitum,</strong></span> <span class='ocrx_word' id='word_1_172' title='bbox 790 2196 895 2261; x_wconf 88' lang='lat' dir='ltr'><strong>cui</strong></span> <span class='ocrx_word' id='word_1_173' title='bbox 948 2200 1208 2261; x_wconf 90' lang='lat' dir='ltr'><strong>ructare</strong></span> <span class='ocrx_word' id='word_1_174' title='bbox 1262 2201 1454 2280; x_wconf 88' lang='lat' dir='ltr'><strong>turpe</strong></span> <span class='ocrx_word' id='word_1_175' title='bbox 1510 2201 1710 2281; x_wconf 87' lang='lat' dir='ltr'><strong>esset,</strong></span> <span class='ocrx_word' id='word_1_176' title='bbox 1765 2197 1822 2261; x_wconf 89' lang='lat' dir='ltr'><strong>is</strong></span> <span class='ocrx_word' id='word_1_177' title='bbox 1876 2219 2144 2264; x_wconf 84' lang='lat' dir='ltr'><strong>vomens</strong></span> <span class='ocrx_word' id='word_1_178' title='bbox 2199 2198 2428 2263; x_wconf 85' lang='lat' dir='ltr'><strong>frustis</strong></span> 
     </span>
     <span class='ocr_line' id='line_1_26' title="bbox 396 2283 2427 2371; baseline 0.002 -24"><span class='ocrx_word' id='word_1_179' title='bbox 396 2283 747 2348; x_wconf 89' lang='lat' dir='ltr'><strong>esculentis</strong></span> <span class='ocrx_word' id='word_1_180' title='bbox 784 2284 1009 2349; x_wconf 78' lang='lat' dir='ltr'><strong>vinum</strong></span> <span class='ocrx_word' id='word_1_181' title='bbox 1044 2285 1488 2350; x_wconf 84' lang='lat' dir='ltr'><strong>redolentibus</strong></span> <span class='ocrx_word' id='word_1_182' title='bbox 1527 2285 1850 2371; x_wconf 86' lang='lat' dir='ltr'><strong>gremium</strong></span> <span class='ocrx_word' id='word_1_183' title='bbox 1887 2308 2080 2353; x_wconf 88' lang='lat' dir='ltr'><strong>suum</strong></span> <span class='ocrx_word' id='word_1_184' title='bbox 2118 2291 2186 2350; x_wconf 89' lang='lat' dir='ltr'><strong>et</strong></span> <span class='ocrx_word' id='word_1_185' title='bbox 2214 2290 2427 2352; x_wconf 90' lang='lat' dir='ltr'><strong>totum</strong></span> 
     </span>
     <span class='ocr_line' id='line_1_27' title="bbox 396 2370 2426 2472; baseline 0.002 -38"><span class='ocrx_word' id='word_1_186' title='bbox 396 2370 688 2435; x_wconf 87' lang='lat' dir='ltr'><strong>tribunal</strong></span> <span class='ocrx_word' id='word_1_187' title='bbox 742 2371 1041 2472; x_wconf 78' lang='lat' dir='ltr'><strong>inplevit!</strong></span> <span class='ocrx_word' id='word_1_188' title='bbox 1129 2371 1255 2439; x_wconf 84' lang='lat' dir='ltr'><strong>Sed</strong></span> <span class='ocrx_word' id='word_1_189' title='bbox 1301 2373 1460 2437; x_wconf 90' lang='lat' dir='ltr'><strong>haec</strong></span> <span class='ocrx_word' id='word_1_190' title='bbox 1505 2374 1646 2456; x_wconf 90' lang='lat' dir='ltr'><strong>ipse</strong></span> <span class='ocrx_word' id='word_1_191' title='bbox 1692 2372 1939 2439; x_wconf 87' lang='lat' dir='ltr'><strong>fatetur</strong></span> <span class='ocrx_word' id='word_1_192' title='bbox 1985 2396 2134 2440; x_wconf 89' lang='lat' dir='ltr'><strong>esse</strong></span> <span class='ocrx_word' id='word_1_193' title='bbox 2174 2374 2246 2439; x_wconf 90' lang='lat' dir='ltr'><strong>in</strong></span> <span class='ocrx_word' id='word_1_194' title='bbox 2294 2375 2426 2439; x_wconf 88' lang='lat' dir='ltr'><strong>suis</strong></span> 
     </span>
     <span class='ocr_line' id='line_1_28' title="bbox 396 2458 2498 2544; baseline 0.002 -21"><span class='ocrx_word' id='word_1_195' title='bbox 396 2458 728 2543; x_wconf 89' lang='lat' dir='ltr'><strong>sordibus3</strong></span> <span class='ocrx_word' id='word_1_196' title='bbox 772 2460 1109 2525; x_wconf 85' lang='lat' dir='ltr'><strong>veniamus</strong></span> <span class='ocrx_word' id='word_1_197' title='bbox 1156 2460 1238 2525; x_wconf 87' lang='lat' dir='ltr'><strong>ad</strong></span> <span class='ocrx_word' id='word_1_198' title='bbox 1285 2460 1740 2544; x_wconf 86' lang='lat' dir='ltr'><strong>splendidiora.</strong></span> <span class='ocrx_word' id='word_1_199' title='bbox 2451 2489 2498 2527; x_wconf 80' lang='lat'><strong>25</strong></span> 
     </span>
     <span class='ocr_line' id='line_1_29' title="bbox 531 2545 2427 2634; baseline 0.003 -23"><span class='ocrx_word' id='word_1_200' title='bbox 531 2545 773 2611; x_wconf 84' lang='lat' dir='ltr'><strong>Caesar</strong></span> <span class='ocrx_word' id='word_1_201' title='bbox 807 2546 1205 2613; x_wconf 85' lang='lat' dir='ltr'><strong>Alexandria</strong></span> <span class='ocrx_word' id='word_1_202' title='bbox 1250 2571 1320 2614; x_wconf 91' lang='lat' dir='ltr'><strong>se</strong></span> <span class='ocrx_word' id='word_1_203' title='bbox 1366 2550 1614 2633; x_wconf 87' lang='lat' dir='ltr'><strong>recepit</strong></span> <span class='ocrx_word' id='word_1_204' title='bbox 1658 2548 1834 2633; x_wconf 81' lang='lat' dir='ltr'><strong>felix,</strong></span> <span class='ocrx_word' id='word_1_205' title='bbox 1879 2554 1954 2613; x_wconf 86' lang='lat' dir='ltr'><strong>ut</strong></span> <span class='ocrx_word' id='word_1_206' title='bbox 2002 2550 2129 2614; x_wconf 91' lang='lat' dir='ltr'><strong>sibi</strong></span> <span class='ocrx_word' id='word_1_207' title='bbox 2170 2550 2427 2634; x_wconf 84' lang='lat' dir='ltr'><strong>quidem</strong></span> 
     </span>
     <span class='ocr_line' id='line_1_30' title="bbox 306 2618 2429 2722; baseline 0.001 -24.144"><span class='ocrx_word' id='word_1_208' title='bbox 306 2618 769 2719; x_wconf 72' lang='lat' dir='ltr'><strong>64videbatur3</strong></span> <span class='ocrx_word' id='word_1_209' title='bbox 822 2658 967 2700; x_wconf 89' lang='lat' dir='ltr'><strong>mea</strong></span> <span class='ocrx_word' id='word_1_210' title='bbox 1017 2640 1239 2701; x_wconf 90' lang='lat' dir='ltr'><strong>autem</strong></span> <span class='ocrx_word' id='word_1_211' title='bbox 1286 2638 1637 2720; x_wconf 89' lang='lat' dir='ltr'><strong>sententia,</strong></span> <span class='ocrx_word' id='word_1_212' title='bbox 1694 2638 1808 2721; x_wconf 83' lang='lat' dir='ltr'><strong>qui</strong></span> <span class='ocrx_word' id='word_1_213' title='bbox 1853 2638 1949 2703; x_wconf 88' lang='lat' dir='ltr'><strong>rei</strong></span> <span class='ocrx_word' id='word_1_214' title='bbox 1993 2638 2295 2722; x_wconf 88' lang='lat' dir='ltr'><strong>publicae</strong></span> <span class='ocrx_word' id='word_1_215' title='bbox 2341 2640 2429 2703; x_wconf 86' lang='lat' dir='ltr'><strong>sit</strong></span> 
     </span>
     <span class='ocr_line' id='line_1_31' title="bbox 393 2722 2426 2810; baseline 0.001 -22"><span class='ocrx_word' id='word_1_216' title='bbox 393 2723 628 2809; x_wconf 78' lang='lat' dir='ltr'><strong>hostiS‚</strong></span> <span class='ocrx_word' id='word_1_217' title='bbox 672 2722 831 2789; x_wconf 84' lang='lat' dir='ltr'><strong>felix</strong></span> <span class='ocrx_word' id='word_1_218' title='bbox 876 2746 1017 2789; x_wconf 90' lang='lat' dir='ltr'><strong>esse</strong></span> <span class='ocrx_word' id='word_1_219' title='bbox 1057 2746 1249 2789; x_wconf 89' lang='lat' dir='ltr'><strong>nemo</strong></span> <span class='ocrx_word' id='word_1_220' title='bbox 1287 2729 1527 2807; x_wconf 90' lang='lat' dir='ltr'><strong>potest.</strong></span> <span class='ocrx_word' id='word_1_221' title='bbox 1609 2724 1824 2791; x_wconf 85' lang='lat' dir='ltr'><strong>Hasta</strong></span> <span class='ocrx_word' id='word_1_222' title='bbox 1859 2726 2080 2809; x_wconf 90' lang='lat' dir='ltr'><strong>posita</strong></span> <span class='ocrx_word' id='word_1_223' title='bbox 2114 2748 2235 2810; x_wconf 92' lang='lat' dir='ltr'><strong>pro</strong></span> <span class='ocrx_word' id='word_1_224' title='bbox 2275 2728 2426 2793; x_wconf 87' lang='lat' dir='ltr'><strong>aede</strong></span> 
     </span>
     <span class='ocr_line' id='line_1_32' title="bbox 395 2810 2428 2899; baseline 0.002 -24"><span class='ocrx_word' id='word_1_225' title='bbox 395 2810 573 2876; x_wconf 82' lang='lat' dir='ltr'><strong>Iovis</strong></span> <span class='ocrx_word' id='word_1_226' title='bbox 633 2810 917 2876; x_wconf 84' lang='lat' dir='ltr'><strong>Statoris</strong></span> <span class='ocrx_word' id='word_1_227' title='bbox 972 2814 1147 2877; x_wconf 89' lang='lat' dir='ltr'><strong>bona</strong></span> <span class='ocrx_word' id='word_1_228' title='bbox 1202 2810 1316 2877; x_wconf 82' lang='lat' dir='ltr'><strong>Gn.</strong></span> <span class='ocrx_word' id='word_1_229' title='bbox 1371 2812 1644 2898; x_wconf 89' lang='lat' dir='ltr'><strong>Pompei</strong></span> <span class='ocrx_word' id='word_1_230' title='bbox 1701 2811 2039 2899; x_wconf 86' lang='lat' dir='ltr'><strong>(miserum</strong></span> <span class='ocrx_word' id='word_1_231' title='bbox 2090 2816 2221 2880; x_wconf 82' lang='lat' dir='ltr'><strong>me!</strong></span> <span class='ocrx_word' id='word_1_232' title='bbox 2281 2837 2428 2880; x_wconf 87' lang='lat' dir='ltr'><strong>con-</strong></span> 
     </span>
     <span class='ocr_line' id='line_1_33' title="bbox 396 2899 2496 2984; baseline 0.002 -20"><span class='ocrx_word' id='word_1_233' title='bbox 396 2900 679 2984; x_wconf 90' lang='lat' dir='ltr'><strong>sumptis</strong></span> <span class='ocrx_word' id='word_1_234' title='bbox 743 2899 917 2965; x_wconf 88' lang='lat' dir='ltr'><strong>enim</strong></span> <span class='ocrx_word' id='word_1_235' title='bbox 978 2900 1267 2965; x_wconf 81' lang='lat' dir='ltr'><strong>lacrimis</strong></span> <span class='ocrx_word' id='word_1_236' title='bbox 1333 2903 1558 2966; x_wconf 89' lang='lat' dir='ltr'><strong>tamen</strong></span> <span class='ocrx_word' id='word_1_237' title='bbox 1618 2901 1854 2966; x_wconf 86' lang='lat' dir='ltr'><strong>infixus</strong></span> <span class='ocrx_word' id='word_1_238' title='bbox 1919 2903 2148 2967; x_wconf 87' lang='lat' dir='ltr'><strong>haeret</strong></span> <span class='ocrx_word' id='word_1_239' title='bbox 2212 2904 2425 2969; x_wconf 87' lang='lat' dir='ltr'><strong>animo</strong></span> <span class='ocrx_word' id='word_1_240' title='bbox 2449 2931 2496 2969; x_wconf 77' lang='lat'><strong>30</strong></span> 
     </span>
     <span class='ocr_line' id='line_1_34' title="bbox 396 2985 2426 3076; baseline 0.003 -25"><span class='ocrx_word' id='word_1_241' title='bbox 396 2985 642 3073; x_wconf 90' lang='lat' dir='ltr'><strong>dolor),</strong></span> <span class='ocrx_word' id='word_1_242' title='bbox 696 2987 897 3072; x_wconf 81' lang='lat' dir='ltr'><strong>bona,</strong></span> <span class='ocrx_word' id='word_1_243' title='bbox 951 2988 1252 3071; x_wconf 82' lang='lat' dir='ltr'><strong>inquam,</strong></span> <span class='ocrx_word' id='word_1_244' title='bbox 1307 2987 1420 3055; x_wconf 86' lang='lat' dir='ltr'><strong>Cn.</strong></span> <span class='ocrx_word' id='word_1_245' title='bbox 1466 2989 1740 3073; x_wconf 90' lang='lat' dir='ltr'><strong>Pompei</strong></span> <span class='ocrx_word' id='word_1_246' title='bbox 1785 2988 2014 3076; x_wconf 85' lang='lat' dir='ltr'><strong>Magni</strong></span> <span class='ocrx_word' id='word_1_247' title='bbox 2068 2991 2214 3058; x_wconf 84' lang='lat' dir='ltr'><strong>voci</strong></span> <span class='ocrx_word' id='word_1_248' title='bbox 2263 3014 2426 3057; x_wconf 86' lang='lat' dir='ltr'><strong>acer-</strong></span> 
     </span>
     <span class='ocr_line' id='line_1_35' title="bbox 395 3039 2426 3160; baseline 0.002 -21"><span class='ocrx_word' id='word_1_249' title='bbox 395 3075 707 3140; x_wconf 87' lang='lat' dir='ltr'><strong>bissimae</strong></span> <span class='ocrx_word' id='word_1_250' title='bbox 755 3039 1052 3141; x_wconf 75' lang='lat' dir='ltr'><strong>subiecta</strong></span> <span class='ocrx_word' id='word_1_251' title='bbox 1086 3077 1457 3160; x_wconf 78' lang='lat' dir='ltr'><strong>praeconis!</strong></span> <span class='ocrx_word' id='word_1_252' title='bbox 1541 3076 1746 3143; x_wconf 89' lang='lat' dir='ltr'><strong>Una</strong></span> <span class='ocrx_word' id='word_1_253' title='bbox 1726 3100 1798 3141; x_wconf 89' lang='lat' dir='ltr'><strong>m</strong></span> <span class='ocrx_word' id='word_1_254' title='bbox 1833 3079 1952 3143; x_wconf 89' lang='lat' dir='ltr'><strong>illa</strong></span> <span class='ocrx_word' id='word_1_255' title='bbox 1983 3100 2054 3143; x_wconf 92' lang='lat' dir='ltr'><strong>re</strong></span> <span class='ocrx_word' id='word_1_256' title='bbox 2093 3080 2426 3145; x_wconf 79' lang='lat' dir='ltr'><strong>servitutis</strong></span> 
     </span>
     <span class='ocr_line' id='line_1_36' title="bbox 396 3162 2428 3251; baseline 0.003 -24"><span class='ocrx_word' id='word_1_257' title='bbox 396 3162 609 3227; x_wconf 89' lang='lat' dir='ltr'><strong>oblita</strong></span> <span class='ocrx_word' id='word_1_258' title='bbox 664 3163 897 3229; x_wconf 84' lang='lat' dir='ltr'><strong>civitas</strong></span> <span class='ocrx_word' id='word_1_259' title='bbox 950 3164 1301 3249; x_wconf 84' lang='lat' dir='ltr'><strong>ingemuit,</strong></span> <span class='ocrx_word' id='word_1_260' title='bbox 1357 3164 1918 3251; x_wconf 82' lang='lat' dir='ltr'><strong>servientibusque</strong></span> <span class='ocrx_word' id='word_1_261' title='bbox 1967 3166 2230 3251; x_wconf 74' lang='lat' dir='ltr'><strong>animiS,</strong></span> <span class='ocrx_word' id='word_1_262' title='bbox 2285 3190 2428 3234; x_wconf 90' lang='lat' dir='ltr'><strong>cum</strong></span> 
     </span>
     <span class='ocr_line' id='line_1_37' title="bbox 394 3218 2426 3341; baseline 0.004 -27.016"><span class='ocrx_word' id='word_1_263' title='bbox 394 3251 617 3315; x_wconf 82' lang='lat' dir='ltr'><strong>&#39;omnia</strong></span> <span class='ocrx_word' id='word_1_264' title='bbox 681 3255 861 3316; x_wconf 90' lang='lat' dir='ltr'><strong>metu</strong></span> <span class='ocrx_word' id='word_1_265' title='bbox 924 3256 1332 3336; x_wconf 84' lang='lat' dir='ltr'><strong>tenerentur,</strong></span> <span class='ocrx_word' id='word_1_266' title='bbox 1393 3253 1679 3338; x_wconf 85' lang='lat' dir='ltr'><strong>gemitus</strong></span> <span class='ocrx_word' id='word_1_267' title='bbox 1745 3257 1969 3321; x_wconf 89' lang='lat' dir='ltr'><strong>tamen</strong></span> <span class='ocrx_word' id='word_1_268' title='bbox 2021 3218 2252 3341; x_wconf 70' lang='lat' dir='ltr'><strong>populi</strong></span> <span class='ocrx_word' id='word_1_269' title='bbox 2306 3256 2426 3322; x_wconf 84' lang='lat' dir='ltr'><strong>Ro-</strong></span> 
     </span>
     <span class='ocr_line' id='line_1_38' title="bbox 394 3337 2495 3427; baseline 0.004 -26"><span class='ocrx_word' id='word_1_270' title='bbox 394 3338 574 3401; x_wconf 86' lang='lat' dir='ltr'><strong>mani</strong></span> <span class='ocrx_word' id='word_1_271' title='bbox 644 3338 815 3402; x_wconf 90' lang='lat' dir='ltr'><strong>liber</strong></span> <span class='ocrx_word' id='word_1_272' title='bbox 884 3337 1031 3403; x_wconf 85' lang='lat' dir='ltr'><strong>fuit.</strong></span> <span class='ocrx_word' id='word_1_273' title='bbox 1136 3340 1658 3423; x_wconf 83' lang='lat' dir='ltr'><strong>Expectantibus</strong></span> <span class='ocrx_word' id='word_1_274' title='bbox 1723 3344 2052 3427; x_wconf 88' lang='lat' dir='ltr'><strong>omnibus,</strong></span> <span class='ocrx_word' id='word_1_275' title='bbox 2127 3344 2426 3427; x_wconf 83' lang='lat' dir='ltr'><strong>quisnam</strong></span> <span class='ocrx_word' id='word_1_276' title='bbox 2451 3370 2495 3410; x_wconf 78' lang='lat'><strong>35</strong></span> 
     </span>
     <span class='ocr_line' id='line_1_39' title="bbox 398 3426 2426 3516; baseline 0.005 -29"><span class='ocrx_word' id='word_1_277' title='bbox 398 3429 573 3487; x_wconf 84' lang='lat' dir='ltr'><strong>esset</strong></span> <span class='ocrx_word' id='word_1_278' title='bbox 617 3428 758 3489; x_wconf 88' lang='lat' dir='ltr'><strong>tam</strong></span> <span class='ocrx_word' id='word_1_279' title='bbox 802 3426 1061 3509; x_wconf 87' lang='lat' dir='ltr'><strong>impius,</strong></span> <span class='ocrx_word' id='word_1_280' title='bbox 1107 3430 1245 3491; x_wconf 89' lang='lat' dir='ltr'><strong>tam</strong></span> <span class='ocrx_word' id='word_1_281' title='bbox 1289 3427 1570 3512; x_wconf 81' lang='lat' dir='ltr'><strong>demens,</strong></span> <span class='ocrx_word' id='word_1_282' title='bbox 1616 3434 1760 3494; x_wconf 82' lang='lat' dir='ltr'><strong>tam</strong></span> <span class='ocrx_word' id='word_1_283' title='bbox 1791 3431 1892 3497; x_wconf 90' lang='lat' dir='ltr'><strong>dis</strong></span> <span class='ocrx_word' id='word_1_284' title='bbox 1927 3431 2426 3516; x_wconf 82' lang='lat' dir='ltr'><strong>hominibusque</strong></span> 
     </span>
    </p>
   </div>
   <div class='ocr_carea' id='block_1_7' title="bbox 304 3509 2427 3607">
    <p class='ocr_par' dir='ltr' id='par_1_8' title="bbox 304 3509 2427 3607">
     <span class='ocr_line' id='line_1_40' title="bbox 304 3509 2427 3607; baseline 0.007 -36"><span class='ocrx_word' id='word_1_285' title='bbox 304 3592 310 3600; x_wconf 24' lang='lat'>⁸</span> <span class='ocrx_word' id='word_1_286' title='bbox 396 3509 633 3595; x_wconf 87' lang='lat' dir='ltr'><strong>hostis,</strong></span> <span class='ocrx_word' id='word_1_287' title='bbox 684 3513 797 3595; x_wconf 91' lang='lat' dir='ltr'><strong>qui</strong></span> <span class='ocrx_word' id='word_1_288' title='bbox 844 3514 924 3577; x_wconf 85' lang='lat' dir='ltr'><strong>ad</strong></span> <span class='ocrx_word' id='word_1_289' title='bbox 968 3514 1137 3578; x_wconf 92' lang='lat' dir='ltr'><strong>illud</strong></span> <span class='ocrx_word' id='word_1_290' title='bbox 1184 3516 1394 3579; x_wconf 88' lang='lat' dir='ltr'><strong>scelus</strong></span> <span class='ocrx_word' id='word_1_291' title='bbox 1443 3517 1752 3583; x_wconf 87' lang='lat' dir='ltr'><strong>sectionis</strong></span> <span class='ocrx_word' id='word_1_292' title='bbox 1801 3519 2068 3585; x_wconf 87' lang='lat' dir='ltr'><strong>auderet</strong></span> <span class='ocrx_word' id='word_1_293' title='bbox 2113 3520 2427 3607; x_wconf 82' lang='lat' dir='ltr'><strong>accedere,</strong></span> 
     </span>
    </p>
   </div>
  </div>
 </body>
</html>
