2550 3875
284 201 418 264 452
546 199 627 253 IN
666 197 741 252 M.
779 195 1173 251 ANTONIUM
1210 195 1482 250 ORATIO
1519 193 1933 249 PHILIPPICA
1970 194 2038 250 V.

285 362 696 426 humanitate
760 363 826 423 et
892 358 1213 442 sapientia
1276 379 1396 421 sua
1455 355 1543 420 M.
1598 356 1882 441 Lepidus
1949 357 2030 420 ad
2092 377 2332 441 pacem

286 449 827 531 concordiamque
866 446 1206 529 convertit,
1245 448 1510 509 senatus
1550 446 1923 510 consultum
1958 444 2064 509 his
2102 445 2328 509 verbis

287 558 518 602 censeo
562 535 1122 621 perscribendum:
1170 535 1343 598 cum
1390 555 1428 596 a
1473 533 1561 597 M.
1609 533 1856 617 Lepido
1907 533 2329 616 imperatore,

286 625 594 708 pontifice
649 624 960 708 maxim0,
1018 644 1209 706 saepe
1264 643 1537 686 numero
1581 643 1686 686 res
1731 620 1998 704 publica
2043 625 2111 685 et
2155 621 2328 685 bene

286 717 353 776 et
396 712 674 778 feliciter
720 716 910 798 gesta
956 711 1044 775 sit
1088 711 1499 794 populusque
1546 709 1882 774 Romanus
1919 709 2326 774 intellexerit
2383 727 2414 768 ε

286 801 347 864 ei
394 801 801 865 dominatum
842 799 1097 885 regium
1135 797 1416 862 maxime
1455 798 1816 882 displicere,
1863 817 2140 881 cumque
2178 796 2326 861 eius

287 910 502 973 opera,
548 889 811 965 virtute,
858 887 1131 953 consilio
1172 886 1618 971 singularique
1657 885 2004 950 clementia
2041 889 2108 950 et
2145 906 2327 949 man-

288 977 627 1042 suetudine
682 938 929 1041 bellum
984 975 1482 1039 acerbissimum
1538 973 1726 1038 civile
1775 969 1876 1037 sit
1909 974 2326 1056 restinctum,

198 1076 262 1125 41
288 1063 651 1149 Sextusque
723 1063 1077 1147 Pompeius
1151 1061 1265 1127 Cn.
1340 1061 1382 1126 f.
1455 1060 1738 1147 Magnus
1810 1062 2004 1125 huius
2073 1061 2324 1126 ordinis

286 1154 679 1218 auctoritate
736 1152 818 1216 ab
875 1151 1074 1215 armis
1130 1150 1508 1215 discesserit
1563 1154 1629 1214 et
1679 1172 1718 1213 a
1772 1148 1860 1213 Μ.
1907 1147 2156 1233 Lepido
2204 1149 2324 1212 im·
2356 1167 2410 1208 ιο

284 1245 604 1326 peratore,
648 1239 958 1325 pontifice
1009 1239 1314 1322 maximo,
1363 1259 1618 1302 summa
1659 1241 1926 1303 senatus
1963 1237 2324 1322 populique

285 1328 568 1394 Romani
605 1329 943 1394 voluntate
982 1327 1239 1392 civitati
1265 1327 1615 1391 restitutus
1653 1326 1761 1410 sit,
1790 1329 2091 1390 senatum
2117 1346 2325 1409 popu-

285 1418 551 1502 lumque
605 1416 975 1481 Romanum
1037 1436 1157 1499 pro
1224 1415 1525 1479 maximis
1580 1413 2010 1498 plurimisque
2065 1414 2136 1478 in
2178 1434 2326 1478 rem

284 1506 616 1589 publicam
674 1503 762 1568 M.
817 1503 1049 1587 Lepidi
1112 1503 1368 1568 meritis
1433 1523 1742 1587 magnam
1806 1523 1990 1586 spem
2054 1501 2124 1566 in
2177 1501 2323 1566 eius

287 1594 560 1677 virtute,
636 1591 1056 1675 auctoritate,
1123 1591 1442 1655 felicitate
1511 1611 1823 1674 reponere
1897 1590 2046 1673 otii,
2119 1590 2324 1674 pacis,
2354 1609 2404 1648 ιε

288 1681 697 1765 concordiae,
741 1679 1071 1744 libertatis
1089 1731 1108 1764 ,
1152 1680 1422 1762 eiusque
1467 1679 1539 1743 in
1583 1701 1722 1742 rem
1766 1678 2098 1762 publicam
2134 1678 2325 1742 meri-

287 1773 509 1834 torum
546 1772 846 1833 senatum
881 1769 1324 1852 populumque
1362 1767 1734 1832 Romanum
1770 1787 2126 1831 memorem
2163 1766 2325 1851 fore,

287 1858 474 1942 eique
540 1861 828 1921 statuam
892 1860 1263 1940 equestrem
1325 1855 1696 1919 inauratam
1757 1854 1829 1918 in
1887 1854 2150 1939 rostris,
2203 1857 2325 1920 aut

288 1968 417 2030 quo
456 1947 584 2011 alio
622 1948 768 2011 loco
806 1946 877 2010 in
912 1944 1057 2011 foro
1094 1945 1312 2027 vellet,
1358 1966 1437 2009 ex
1473 1944 1668 2010 huius
1708 1943 1955 2008 ordinis
1994 1944 2325 2008 sententia

288 2035 492 2099 statui
545 2034 844 2119 placere?
948 2032 1075 2110 Qui
1130 2034 1369 2115 1101103,
1429 2036 1652 2134 patres
1710 2032 2094 2116 conscripti,
2156 2032 2325 2097 mihi
2353 2050 2406 2090 πο

286 2124 608 2187 maximus
663 2123 946 2206 videtur,
991 2121 1277 2205 primum
1335 2122 1489 2205 quia
1534 2121 1745 2185 iustus
1794 2124 1923 2204 est3
1966 2141 2100 2184 non
2145 2121 2325 2185 enim

290 2211 503 2275 solum
547 2212 739 2275 datur
783 2213 1055 2294 propter
1100 2232 1285 2293 spem
1327 2214 1700 2292 temporum
1745 2208 2166 2292 reliquorum,
2209 2208 2324 2273 sed

286 2320 407 2383 pro
463 2298 884 2383 amplissimis
939 2299 1192 2362 meritis
1248 2298 1569 2381 redditur3
1631 2318 1751 2362 nec
1803 2318 1960 2361 vero
2015 2296 2325 2380 cuiquam

286 2408 636 2471 possumus
723 2408 1230 2451 commemorare
1311 2386 1484 2450 hunc
1566 2386 1884 2449 honorem
1965 2406 2006 2449 a
2087 2389 2323 2451 senatu

287 2476 614 2539 tributum
658 2474 898 2539 iudicio
946 2478 1210 2539 senatus
1258 2474 1474 2537 soluto
1523 2476 1591 2537 et
1636 2473 1864 2537 libero.
2349 2492 2401 2532 2⁵

187 2555 268 2619 16
424 2561 635 2627 Venio
684 2564 765 2627 ad
811 2560 882 2628 O.
929 2561 1300 2645 Caesarem,
1345 2565 1566 2645 patres
1615 2559 1988 2644 conscripti,
2033 2560 2148 2643 qui
2193 2561 2324 2625 nisi

199 2646 267 2693 42
288 2651 551 2736 fuisset,
608 2651 754 2735 quis
808 2654 1110 2715 nostrum
1163 2671 1307 2714 esse
1352 2649 1727 2733 potuisset?
1818 2648 2194 2713 Advolabat
2242 2650 2324 2713 ad

286 2740 518 2804 urbem
564 2761 605 2803 a
647 2738 999 2803 Bnmdisio
1037 2740 1234 2803 homo
1270 2736 1842 2820 inpotentissimus
1879 2737 2113 2800 ardens
2152 2735 2319 2815 odi0,

290 2829 507 2893 animo
552 2828 782 2893 hostili
827 2827 899 2891 in
935 2827 1147 2892 omnis
1183 2826 1392 2890 bonos
1431 2847 1580 2889 cum
1616 2824 1922 2908 exercitu,
1967 2822 2317 2889 Antonius.

292 2915 462 2992 Quid
488 2916 683 2980 huius
714 2915 1021 2980 audaciae
1039 2919 1107 2978 et
1125 2913 1354 2978 sceleri
1372 2916 1636 2997 poterat
1658 2875 1946 2996 opponi'?
2011 2910 2320 2977 Nondum
2348 2932 2400 2971 so

288 3003 460 3068 ullos
506 3004 700 3068 duces
745 3004 1177 3079 habebamus,
1211 3023 1346 3066 non
1391 3001 1642 3085 copias3
1686 3001 1942 3064 nullum
1985 3005 2130 3065 erat
2176 3022 2320 3065 con-

292 3092 512 3155 silium
557 3091 912 3176 publicum,
956 3090 1138 3156 nulla
1181 3089 1484 3173 libertas3
1530 3089 1775 3153 dandae
1814 3088 2094 3153 cervices
2135 3093 2320 3153 erant

290 3180 664 3244 crudelitati
709 3178 1023 3263 nefariae3
1076 3178 1303 3263 fugam
1350 3178 1820 3260 quaerebamus
1869 3197 2112 3261 omnes,
2156 3197 2319 3260 quae

202 3287 271 3335 43
290 3268 436 3349 ipsa
472 3268 720 3331 exitum
757 3289 891 3332 non
914 3267 1219 3332 habebat.
1297 3265 1455 3341 Quis
1485 3270 1628 3329 tum
1653 3265 1866 3348 nobiS,
1904 3264 2050 3348 quis
2078 3265 2318 3348 populo

291 3354 589 3419 Romano
664 3356 907 3438 optulit
977 3356 1150 3418 hunc
1215 3354 1507 3417 divinum
1573 3353 2055 3418 adulescentem
2119 3353 2317 3417 deus?
2343 3370 2394 3411 ω

296 3442 434 3523 qui,
489 3462 637 3505 cum
691 3443 911 3506 omnia
966 3443 1046 3506 ad
1101 3441 1454 3524 perniciem
1507 3445 1808 3506 nostram
1863 3440 2176 3525 pestifero
2223 3441 2318 3505 illi

296 3528 421 3590 civi
482 3533 812 3611 paterent,
878 3530 1097 3594 subito
1152 3532 1413 3612 praeter
1469 3550 1651 3612 spem
1709 3530 2001 3596 omnium
2057 3534 2317 3595 exortus
