2550 3875
361 163 495 226 364
643 161 721 216 IN
759 161 833 218 M.
873 159 1262 215 ANTONIUM
1303 160 1570 216 ORATIO
1608 158 2017 214 PHILIPPICA
2050 157 2093 214 1.

359 325 662 389 videntur
723 328 984 407 praeter
1043 327 1351 388 naturam
1414 324 1616 387 etiam
1679 326 2065 407 praeterque
2104 319 2405 405 fatum),

359 413 553 477 huius
618 416 842 476 tamen
906 411 1035 476 diei
1097 433 1327 476 vocem
1387 415 1624 476 testem
1686 411 1783 475 rei
1843 409 2143 494 publicae
2200 409 2406 474 relin-

361 523 627 585 querem
673 522 854 565 meae
900 503 1252 584 perpetuae
1301 519 1458 584 erga
1504 521 1572 564 se
1616 499 1995 566 voluntatis.

281 608 337 655 11
497 589 818 666 Quoniam
883 588 1222 672 utriusque
1290 587 1543 652 consilii
1609 609 1897 671 causam,
1958 589 2179 670 patres
2245 607 2402 651 con·

360 678 617 761 scripti,
681 678 1027 761 probatam
1093 677 1283 741 vobis
1338 697 1480 742 esse
1535 675 1817 759 confido,
1879 675 2267 758 priusquam
2313 673 2400 739 de
2452 699 2482 740 ο

359 787 428 829 re
482 766 746 849 publica
802 765 1012 829 dicere
1067 764 1309 848 incipio
1320 815 1337 848 ,
1396 785 1603 848 pauca
1658 785 1893 848 querar
1954 763 2032 827 de
2077 762 2400 827 hesterna

361 853 611 917 Antoni
657 853 921 936 iniuria3
977 852 1079 918 cui
1127 875 1272 917 sum
1319 853 1594 936 amicus,
1637 853 1831 936 idque
1878 873 1981 916 me
2025 872 2161 916 non
2204 851 2397 916 nullo

296 939 499 1005 5eius
557 941 775 1006 officio
834 941 1066 1006 debere
1121 963 1260 1005 esse
1316 963 1472 1024 prae
1528 963 1630 1005 me
1682 961 1936 1024 semper
1980 939 2124 1003 tuli.
2218 939 2398 1015 Quid

360 1030 624 1094 tandem
669 1033 811 1094 erat
856 1051 1103 1111 causae,
1151 1049 1266 1094 cur
1311 1029 1381 1093 in
1426 1033 1727 1094 senatum
1763 1029 2069 1093 hesterno
2106 1027 2213 1092 die
2252 1032 2397 1092 tam

359 1118 588 1183 acerbe
636 1118 944 1204 cogerer?
995 1115 1267 1182 Solusne
1318 1118 1598 1202 aberam,
1644 1139 1728 1181 an
1765 1138 1899 1181 non
1935 1137 2127 1200 saepe
2168 1115 2393 1180 minus
2423 1141 2469 1180 1ο

357 1205 732 1290 frequentes
805 1205 1052 1287 fuistis,
1131 1228 1214 1270 an
1288 1227 1399 1270 ea·
1437 1227 1540 1270 res
1616 1205 1961 1292 agebatur,
2033 1207 2111 1268 ut
2186 1204 2397 1268 etiam

359 1299 665 1380 aegrotos
713 1294 950 1358 deferri
998 1294 1372 1377 oporteret?
1429 1293 1790 1377 Hannibal,
1847 1293 2062 1376 credo,
2117 1296 2265 1357 erat
2312 1294 2395 1358 ad

356 1387 602 1467 portaS,
650 1387 765 1446 aut
801 1382 878 1446 de
915 1381 1152 1466 Pyrrhi
1189 1404 1347 1466 pace
1385 1383 1723 1468 agebatur,
1769 1380 1851 1446 ad
1889 1402 2084 1465 quam
2122 1402 2395 1446 causam

359 1472 559 1535 etiam
624 1470 914 1554 Appium
970 1470 1158 1534 illum
1221 1474 1290 1534 et
1355 1492 1617 1536 caecum
1680 1473 1749 1534 et
1810 1479 2030 1534 senem
2094 1469 2393 1534 delatum

274 1575 338 1624 12
361 1581 501 1624 esse
577 1559 927 1623 memoriae
997 1558 1332 1642 proditum
1404 1562 1521 1623 est.
1630 1557 1728 1622 De
1797 1557 2392 1641 supplicationibus
2420 1577 2467 1620 ιο

357 1647 780 1730 referebatur,
818 1668 946 1731 quo
983 1647 1053 1710 in
1089 1667 1323 1732 genere
1362 1651 1697 1711 senatores
1734 1646 1953 1710 deesse
1988 1667 2124 1710 non
2150 1646 2391 1710 solent.

358 1734 702 1820 Coguntur
738 1735 912 1799 enim
947 1756 1080 1800 non
1115 1735 1517 1820 pignoribus,
1556 1735 1669 1800 sed
1706 1756 1949 1818 eorum,
1985 1735 2063 1798 de
2104 1755 2390 1818 quorum

356 1823 604 1888 honore
641 1823 877 1908 agitur,
923 1822 1153 1908 gratia,
1197 1823 1370 1906 quod
1406 1823 1578 1887 idem
1614 1823 1711 1906 fit,
1748 1845 1895 1887 cum
1932 1822 2009 1887 de
2047 1822 2387 1906 triumpho

357 1910 652 1977 refertur.
737 1911 843 1976 Ita
881 1911 1018 1976 sine
1049 1933 1204 1977 cura
1232 1911 1529 1977 consules
1560 1915 1730 1996 sunt,
1767 1916 1843 1976 ut
1869 1932 2072 1995 paene
2102 1910 2389 1977 liberum

358 2001 445 2065 sit
510 2001 798 2066 senatori
851 2022 985 2065 non
1041 2001 1283 2065 adesse.
1386 2000 1513 2077 Qui
1569 2022 1717 2065 cum
1771 2000 1933 2064 mihi
1987 2021 2131 2063 mos
2184 2004 2385 2065 notus
2414 2021 2465 2061 ιο

356 2093 549 2173 esset,
585 2110 858 2173 cumque
897 2110 932 2153 6
969 2089 1075 2152 via
1112 2089 1493 2191 languerem
1528 2093 1596 2153 et
1630 2088 1927 2153 mihimet
1956 2088 2385 2172 displicerem,

359 2178 510 2241 misi
561 2199 681 2260 pro
739 2176 1053 2260 amicitia,
1109 2177 1221 2261 qui
1265 2177 1392 2242 hoc
1438 2177 1498 2241 ei
1546 2177 1804 2241 diceret.
1896 2176 1990 2240 At
2034 2176 2147 2241 ille
2193 2177 2382 2242 vobis

357 2264 769 2329 audientibus
835 2287 981 2330 cum
1045 2264 1250 2329 fabris
1315 2286 1384 2329 se
1449 2265 1713 2329 domum
1767 2286 1980 2329 meam
2032 2268 2387 2329 venturum

355 2374 496 2417 esse
570 2353 752 2416 dixit.
861 2351 1076 2416 Nimis
1151 2353 1456 2417 iracunde
1529 2353 1654 2417 hoc
1729 2354 1989 2436 quidem
2060 2356 2130 2417 et
2194 2353 2383 2418 valde

354 2440 882 2524 intemperanter.
974 2440 1174 2507 Cuius
1222 2442 1393 2505 enim
1443 2442 1744 2506 maleficii
1781 2445 1969 2505 tanta
2004 2440 2137 2505 ista
2171 2463 2385 2525 poena
2408 2461 2458 2502 25

357 2533 476 2611 est,
521 2533 598 2593 ut
644 2529 855 2594 dicere
893 2530 962 2593 in
997 2530 1122 2594 hoc
1170 2530 1394 2594 ordine
1434 2530 1700 2594 auderet
1737 2551 1804 2593 se
1842 2529 2121 2614 publicis
2163 2531 2381 2613 operis

353 2617 874 2682 disturbaturum
909 2618 1167 2702 publice
1207 2640 1286 2682 ex
1326 2622 1589 2682 senatus
1620 2618 1946 2682 sententia
1973 2617 2381 2682 aedificatam

354 2705 661 2771 domum?
702 2705 863 2782 Quis
902 2710 1122 2770 autem
1157 2727 1471 2789 umquam
1509 2710 1695 2770 tanto
1735 2707 1969 2771 damno
2008 2709 2381 2771 senatorem

354 2795 589 2880 coegit,
628 2798 743 2858 aut
782 2794 936 2878 quid
974 2798 1076 2859 est
1110 2794 1289 2858 ultra
1324 2795 1561 2879 pignus
1594 2798 1708 2858 aut
1733 2794 2055 2858 multam?
2131 2793 2379 2869 Quodsi

355 2883 614 2963 scisset,
670 2904 863 2966 quam
922 2882 1315 2946 sententiam
1370 2882 1661 2947 dicturus
1716 2904 1953 2966 essem,
2016 2882 2379 2946 remisisset
2403 2902 2457 2943 ω

357 2970 604 3055 aliquid
631 2970 926 3054 profecto
957 2971 1032 3034 de
1067 2971 1415 3035 severitate
1443 2971 1731 3056 cogendi.
1813 2970 1923 3035 An
1948 2992 2051 3034 me
2082 2970 2375 3054 censetis,

355 3062 576 3142 patres
624 3058 1003 3141 conscripti,
1060 3058 1230 3141 quod
1275 3080 1395 3123 vos
1440 3058 1631 3122 inviti
1676 3058 1883 3124 secuti
1930 3059 2117 3137 estiS,
2167 3058 2374 3123 decre-

354 3150 575 3211 turum
620 3145 849 3229 fuisse,
903 3150 979 3210 ut
1023 3146 1389 3230 parentalia
1433 3168 1581 3211 cum
1629 3146 2212 3249 supplicationibus
2262 3148 2373 3211 mi·

354 3238 713 3318 scerentur,
758 3238 835 3299 ut
879 3234 1305 3319 inexpiabiles
1352 3235 1699 3320 religiones
1746 3236 1816 3299 in
1862 3257 1999 3299 rem
2047 3234 2369 3319 publicam

351 3321 828 3405 inducerentur,
863 3325 940 3385 ut
985 3322 1481 3387 decernerentur
1519 3324 2028 3407 supplicationes
2066 3326 2367 3387 mortuo?
2396 3350 2449 3390 ss

350 3409 512 3471 nihil
546 3408 708 3491 dic0,
737 3410 857 3473 cui.
937 3408 1164 3474 Fuerit
1191 3410 1304 3474 1116
1333 3410 1596 3495 Brutus,
1626 3412 1737 3494 qui
1766 3412 1999 3494 etipse
2036 3410 2367 3475 dominatu

356 3496 538 3577 regio
591 3517 727 3558 rem
773 3496 1095 3578 publicam
1148 3498 1452 3561 liberavit
1498 3502 1564 3562 et
1610 3499 1691 3562 ad
1738 3499 2013 3563 similem
2065 3499 2367 3563 virtutem

291 2937 332 3002 6

271 3026 335 3075 18
