2550 3875
340 184 425 247 14
920 178 1068 234 PRO
1106 177 1167 233 P.
1208 175 1456 233 SESTIO
1496 174 1781 232 ORATIO.

336 344 692 430 imaginem
726 342 1115 407 iudiciorum
1160 344 1276 405 aut
1323 338 1741 433 simulacrum
1769 338 2034 422 aliquod
2067 336 2392 403 futurum

337 434 408 498 in
452 433 717 499 civitate
763 431 1083 515 reliquom
1128 428 1532 512 credidisset,
1589 448 1902 511 umquam
1947 446 2144 491 ausus
2196 430 2391 491 esset

340 525 637 587 senatum
691 521 769 584 de
824 540 895 583 re
946 517 1211 603 publica
1262 516 1522 599 tollere,
1577 516 1871 599 equitum
1915 513 2389 579 Romanorum

210 609 212 612 ’
338 630 561 693 preces
628 607 986 692 aspernari,
1050 605 1290 671 civium
1352 604 1653 687 denique¹
1691 603 1981 669 omnium
2041 602 2238 667 novis
2309 606 2390 667 et

339 696 653 761 inauditis
706 695 935 759 edictis
988 694 1093 758 ius
1145 693 1647 775 libertatemque
1708 690 2122 775 pervertere?
2441 708 2468 750 ⁵

248 808 317 858 81
470 784 624 849 Etsi
650 804 753 847 me
781 781 1238 847 attentissimis
1259 780 1493 845 animis
1515 801 1769 844 summa
1787 800 1935 844 cum
1953 778 2388 863 benignitate

340 872 609 955 auditis,
654 871 927 954 iudices,
972 874 1195 935 tamen
1237 890 1490 951 vereor,
1533 889 1616 933 ne
1662 867 1810 951 quis
1853 867 2024 932 forte
2067 870 2386 933 vestrum

340 961 638 1043 miretur,
704 958 859 1043 quid
920 958 1081 1023 haec
1145 978 1292 1021 mea
1355 956 1567 1022 oratio
1624 960 1764 1020 tam
1816 956 2016 1039 longa
2061 959 2178 1019 aut
2225 958 2387 1019 tam

340 1049 472 1113 alte
508 1047 790 1131 repetita
823 1047 1000 1130 velit,
1036 1050 1153 1110 aut
1188 1046 1345 1129 quid
1380 1045 1464 1111 ad
1496 1044 1569 1108 P.
1609 1042 1785 1109 Sesti
1819 1064 2082 1108 causam
2117 1064 2385 1127 eorum,

341 1136 454 1219 qui
510 1140 660 1200 ante
721 1133 914 1199 huius
978 1134 1388 1198 tribunatum
1440 1154 1580 1197 rem
1639 1132 1972 1216 publicam
2023 1136 2384 1214 vexarunt,
2413 1151 2468 1190 ιο

338 1224 579 1289 delicta
629 1223 1015 1307 pertineant.
1103 1220 1271 1285 Mihi
1330 1224 1550 1285 autem
1602 1219 1729 1284 hoc
1781 1218 2197 1303 propositum
2263 1225 2386 1285 est

342 1312 708 1396 ostendere,
763 1309 981 1375 omnia
1026 1310 1300 1374 consilia
1343 1308 1415 1373 P.
1464 1307 1638 1373 Sesti
1691 1312 2104 1391 mentemque
2148 1307 2383 1373 totius

339 1401 713 1465 tribunatus
774 1398 944 1462 hanc
1004 1396 1234 1481 fuisse,
1290 1401 1369 1461 ut
1432 1395 1730 1461 adflictae
1786 1399 1857 1462 et
1906 1394 2204 1479 perditae
2269 1398 2382 1461 rei

338 1487 665 1572 publicae,
721 1489 1037 1569 quantum
1088 1488 1342 1569 posset,
1396 1484 1780 1550 mederetur.
1866 1482 1966 1548 Ac
2022 1483 2082 1547 si
2133 1484 2206 1547 in
2261 1506 2382 1549 ex-

338 1574 652 1658 ponendis
713 1573 1089 1638 vulneribus
1161 1572 1296 1636 illis
1358 1573 1439 1637 de
1501 1594 1606 1637 me
1673 1572 1822 1656 ipso
1883 1572 2076 1656 plura
2143 1572 2380 1638 dicere
2409 1593 2464 1633 ιε

340 1664 625 1745 videbor,
667 1661 1081 1746 ignoscitote.
1154 1659 1330 1725 Nam
1365 1665 1434 1724 et
1477 1661 1662 1724 illam
1696 1682 1910 1725 meam
1954 1660 2208 1724 cladem
2241 1682 2378 1726 vos

340 1754 407 1813 et
445 1771 667 1814 omnes
704 1750 861 1814 boni
897 1749 1252 1813 maximum
1290 1770 1430 1813 esse
1468 1749 1565 1813 rei
1598 1748 1900 1832 publicae
1925 1748 2161 1812 vulnus
2199 1748 2381 1813 iudi-

341 1838 559 1921 castiS,
594 1842 663 1902 et
697 1834 769 1901 P.
809 1835 1063 1902 Sestius
1102 1840 1203 1901 est
1234 1858 1382 1901 reus
1408 1857 1542 1901 non
1578 1858 1716 1920 suo,
1751 1836 1864 1903 sed
1890 1856 2034 1900 meo
2070 1836 2382 1923 nomine3

342 1926 455 2010 qui
492 1948 640 1991 cum
678 1948 935 1991 omnem
961 1925 1096 1990 vim
1134 1925 1235 1990 sui
1271 1925 1643 1991 tribunatus
1677 1925 1746 1990 in
1782 1946 1929 1990 mea
1963 1924 2176 1988 salute
2214 1947 2378 1991 con-

340 2015 717 2099 sumpserit,
764 2035 1025 2080 necesse
1072 2018 1175 2079 est
1226 2036 1441 2079 meam
1485 2035 1749 2080 causam
1801 2013 2144 2097 praeteriti
2199 2017 2377 2080 tem·
2406 2035 2462 2076 ιο

238 2158 320 2222 14
338 2104 520 2255 poriIs3
557 2124 705 2255 epm
732 2103 940 2254 {uius-
968 2103 1299 2254 pinel-,anfi
1339 2101 1888 2254 deffinsionffisge
1901 2101 2376 2254 1ξ01.ιίτρίτζῶεὲίῑεαῑι.

250 2249 319 2297 32
339 2279 511 2343 blico
525 2211 1668 2362 {onbffiigrvssteumlilaaejsdssanudluffl
1701 2212 1844 2343 ergt
1863 2210 2114 2342 altalia
2153 2213 2376 2344 mulii}-

340 2367 599 2450 cipium‚
642 2367 826 2431 nulla
870 2367 1142 2450 colonia,
1184 2367 1370 2431 nulla
1412 2365 1838 2451 praefectura,
1880 2366 2064 2431 nulla
2108 2365 2374 2433 Romae

340 2454 618 2520 societas
664 2455 1111 2540 vectigalium,
1154 2454 1408 2519 nullum
1454 2455 1803 2540 collegium
1847 2458 1963 2518 aut
2009 2455 2376 2521 concilium
2403 2484 2462 2525 25

340 2546 455 2606 aut
510 2543 773 2607 omnino
828 2543 1091 2627 aliquod
1156 2564 1494 2607 commune
1551 2543 1920 2625 consilium,
1983 2543 2159 2626 quod
2219 2547 2375 2609 tum

336 2652 471 2695 non
504 2631 1158 2696 honorificentissime
1205 2631 1284 2694 de
1321 2652 1467 2694 mea
1500 2631 1711 2695 salute
1747 2630 2167 2695 decrevisset:
2217 2653 2376 2697 cum

340 2719 559 2784 subito
624 2719 889 2785 edicunt
950 2719 1077 2783 duo
1142 2719 1465 2802 consules,
1527 2721 1605 2783 ut
1657 2719 1739 2782 ad
1803 2739 1994 2782 suum
2044 2719 2376 2785 vestitum

341 2811 675 2872 senatores
747 2807 1054 2871 redirent.
1163 2805 1324 2883 Quis
1387 2827 1698 2890 umquam
1762 2805 1986 2871 consul
2057 2811 2374 2873 senatum

339 2895 545 2978 ipsius
602 2895 876 2960 decretis
922 2916 1148 2978 parere
1201 2894 1570 2979 prohibuit,
1618 2895 1764 2979 quis
1809 2899 2125 2978 tyrannus
2171 2895 2374 2962 mise-
2401 2925 2464 2966 so

340 3004 449 3047 ros
504 2984 727 3069 lugere
782 2983 1038 3048 vetuit?
1127 2982 1452 3047 Parumne
1507 2986 1636 3066 est,
1688 2981 1870 3066 Piso,
1923 2986 2000 3047 ut
2055 2983 2375 3049 omittam

343 3069 720 3154 Gabinium,
784 3071 958 3154 quod
1021 3074 1282 3135 tantum
1342 3071 1638 3136 homines
1691 3069 2017 3154 fefellisti,
2077 3075 2158 3134 ut
2211 3095 2375 3159 neg-

340 3158 589 3242 legeres
647 3159 1108 3223 auctoritatem
1172 3162 1434 3223 senatus
1449 3209 1466 3242 ,
1530 3159 1784 3242 optumi
1839 3159 2150 3241 cuiusque
2219 3183 2375 3226 con·

343 3246 491 3308 silia
536 3251 1008 3330 contemneres,
1061 3268 1200 3311 rem
1251 3246 1583 3330 publicam
1636 3247 1968 3331 proderes,
2023 3249 2374 3314 consulare

339 3353 579 3396 nomen
638 3333 1025 3417 adfligeres‘?
1090 3333 1371 3396 etiamne
1427 3333 1674 3398 edicere
1729 3335 1991 3418 audeas,
2051 3355 2135 3398 ne
2193 3358 2373 3402 mae—
2399 3363 2462 3406 ss

343 3424 560 3481 rerent
616 3419 915 3484 homines
970 3441 1207 3503 meam,
1266 3441 1478 3503 suam,
1531 3423 1626 3484 rei
1678 3421 1976 3504 publicae
2029 3421 2374 3490 calamita-

343 3509 508 3586 tem,
586 3526 669 3569 ne
740 3506 912 3570 hunc
986 3528 1174 3571 suum
1246 3507 1537 3572 dolorem
1608 3511 1790 3573 veste
1871 3509 2373 3596 significarent?
