2550 3875
822 189 977 244 CAP.
1014 195 1222 245 29—31
1262 195 1294 256 ς
1333 195 1559 246 ἰο-76.
2061 187 2186 252 191

154 369 344 416 nunc
378 353 467 433 te,
514 351 711 434 asine,
747 349 1004 415 litteras
1042 349 1354 414 doceam?
1424 348 1580 416 Non
1616 372 1780 436 opus
1817 354 1920 416 est
1957 349 2192 434 verbis,

162 439 287 504 sed
320 437 628 504 fustibus.
699 436 854 503 Non
891 437 1026 502 dixi
1059 437 1229 502 hanc
1266 441 1512 523 togam,
1551 460 1681 522 qua
1717 461 1862 504 sum
1895 437 2193 522 amictus,

159 548 291 592 nec
338 548 523 590 arma
565 529 825 592 scutum
870 529 986 591 aut
1022 525 1314 610 gladium
1343 526 1542 590 ¹unius
1579 526 2018 610 imperatorie,
2064 527 2194 609 sed,

166 615 329 699 quia
362 615 542 699 pacis
580 617 684 679 est
716 613 974 699 insigne
1012 617 1081 678 et
1118 613 1239 678 otii
1274 617 1454 700 toga,
1491 618 1722 679 contra
1759 618 1979 678 autem
2013 635 2194 677 arma

104 719 135 760 s
165 703 497 767 tumultus
536 706 732 786 atque
767 701 944 784 belli,
980 705 1324 786 poetarum
1360 723 1542 767 more
1569 702 1828 767 locutus
1853 701 1983 767 hoc
2008 701 2195 766 intel-

165 791 307 875 legi
356 790 561 876 volui,
612 790 861 856 bellum
906 810 983 854 ac
1028 789 1385 854 tumultum
1429 789 1577 874 paci
1623 793 1818 875 atque
1866 790 2002 855 otio
2050 811 2194 855 con-

168 899 525 944 cessurum.
601 877 851 954 Quaere
898 899 977 942 ex
1021 876 1332 943 familiari
1373 881 1489 942 tuo
1529 876 1778 943 Graeco
1815 878 1932 943 illo
1969 882 2192 962 poeta3
2214 889 2282 938 74

165 966 484 1050 probabit
519 986 723 1052 genus
760 966 979 1050 ipsum
1006 970 1075 1030 et
1102 970 1416 1050 agnoscet
1441 987 1650 1050 neque
1677 969 1745 1030 te
1770 966 1938 1030 nihil
1967 987 2192 1050 sapere

168 1053 539 1119 mirabitur.
622 1053 738 1118 ‘At
780 1054 851 1119 in
896 1054 1102 1119 altero
1147 1053 1309 1138 illo',
1363 1053 1608 1138 inquit,
1654 1053 1934 1120 ‘haerest
1979 1052 2194 1119 ‘oon-

84 1161 139 1202 ιο
169 1142 402 1207 cedat
455 1141 723 1207 laurea
777 1140 1053 1207 laudi.''
1143 1139 1356 1207 Immo
1402 1142 1768 1207 mehercule
1811 1142 2022 1207 habeo
2069 1141 2195 1204 tibi

168 1229 486 1316 gratiam3
521 1230 857 1295 haererem
897 1230 1089 1314 enim,
1122 1230 1254 1294 nisi
1290 1233 1366 1294 tu
1402 1252 1506 1294 me
1543 1230 1930 1314 expedisses.
2002 1228 2196 1312 Nam,

168 1340 323 1382 cum
396 1323 473 1383 tu
534 1318 805 1382 timidus
870 1339 945 1383 ac
1008 1321 1295 1382 tremens
1361 1318 1494 1383 tuis
1557 1317 1700 1401 ipse
1762 1317 2194 1383 furacissimis

170 1405 478 1470 manibus
546 1407 906 1472 detractam
970 1427 1005 1470 e
1070 1406 1357 1471 cruentis
1422 1406 1710 1470 fascibus
1769 1406 2060 1471 lauream
2115 1405 2197 1469 ad

166 1497 437 1577 portam
479 1493 894 1579 Esquilinam
940 1493 1255 1578 abiecisti,
1301 1493 1607 1559 indicasti
1649 1516 1785 1559 non
1830 1494 2024 1560 modo
2066 1514 2198 1558 am-

88 1600 141 1642 us
168 1581 537 1666 plissimae,
592 1582 706 1648 sed
759 1582 960 1647 etiam
1015 1582 1322 1646 minimae
1376 1581 1555 1647 laudi
1603 1582 1895 1647 lauream
1941 1603 2197 1647 conces-

171 1670 356 1735 sisse.
429 1669 651 1754 Atque
695 1670 829 1734 ista
874 1669 1169 1736 oratione
1211 1670 1341 1735 hoc
1380 1673 1605 1735 tamen
1637 1670 1956 1755 intellegi,
2001 1670 2198 1735 scele-

168 1761 343 1842 rate,
396 1758 523 1842 vis,
577 1757 964 1842 Pompeium
1016 1757 1356 1823 inimicum
1409 1758 1572 1822 mihi
1626 1758 1760 1824 isto
1816 1780 2009 1823 versu
2055 1779 2196 1823 esse

170 1844 450 1930 factum,
501 1849 604 1931 ut,
660 1847 717 1910 si
761 1867 987 1911 versus
1034 1846 1198 1910 mihi
1240 1846 1568 1930 nocuerit,
1619 1847 1701 1911 ab
1749 1868 1853 1931 eo,
1900 1868 2093 1931 quem
2137 1846 2196 1910 is

172 1956 402 1999 versus
441 1933 801 2020 offenderit,
836 1934 1134 2001 videatur
1170 1934 1334 2000 mihi
1360 1933 1681 2019 pernicies
1711 1956 1852 2001 esse
1883 1934 2196 2020 quaesita.

92 2044 145 2083 20
174 2020 433 2087 Omitto
479 2022 647 2087 nihil
690 2023 895 2089 istum
936 2044 1196 2088 versum
1239 2023 1636 2107 pertinuisse
1683 2024 1766 2087 ad
1803 2024 2020 2108 illum3
2063 2045 2199 2087 non
2217 2034 2283 2083 '15

170 2110 376 2175 fuisse
423 2132 659 2195 meum,
706 2133 917 2196 quem,
962 2115 1281 2196 quantum
1315 2112 1694 2196 potuissem,
1740 2111 1967 2177 multis
2004 2132 2196 2195 saepe

172 2199 584 2264 orationibus
630 2198 1022 2283 scriptisque
1068 2200 1504 2284 decorassem,
1557 2200 1730 2265 hunc
1774 2222 1905 2265 uno
1951 2199 2197 2264 violare

170 2308 384 2352 versu.
487 2285 614 2352 Sed
676 2287 768 2352 sit
830 2287 1115 2353 offensus
1178 2287 1420 2372 prim03
1481 2309 1695 2352 nonne
1751 2287 2200 2372 compensavit

172 2397 324 2440 cum
364 2396 497 2440 uno
534 2374 855 2441 versiculo
894 2379 999 2441 tot
1036 2396 1182 2439 mea
1215 2375 1548 2441 volumina
1582 2375 1850 2440 laudum
1889 2376 2198 2440 suarum?

96 2484 146 2525 25
176 2463 429 2540 Quodsi
502 2466 605 2529 est
676 2466 1070 2547 commotus,
1142 2464 1225 2527 ad
1287 2464 1724 2547 perniciemne
1788 2485 1922 2529 non
1985 2465 2200 2529 dicam

171 2550 585 2635 amicissimi,
637 2573 772 2616 non
825 2551 921 2615 ita
975 2552 1052 2616 de
1103 2573 1222 2616 sua
1265 2549 1455 2616 laude
1502 2552 1749 2635 meriti,
1801 2574 1937 2617 non
1978 2554 2078 2617 ita
2121 2552 2200 2616 de

172 2660 243 2703 re
288 2638 581 2723 publica,
632 2661 797 2709 non.
812 2639 1201 2723 consularis,
1254 2661 1390 2705 non
1435 2640 1786 2723 senatoris,
1839 2662 1974 2705 non
2021 2640 2201 2724 civis,

168 2748 308 2791 non
350 2726 564 2810 liberi,
607 2726 680 2791 in
721 2726 1008 2792 hominis
1056 2731 1253 2812 caput
1287 2727 1399 2792 ille
1436 2730 1575 2792 tam
1613 2728 1892 2793 crudelis
1929 2732 2203 2813 propter

171 2836 436 2880 versum
488 2814 663 2879 fuit?
745 2814 870 2900 Tu,
926 2814 1131 2900 quid,.
1160 2819 1263 2899 tu,
1317 2815 1491 2899 apud
1538 2837 1729 2899 quos,
1783 2819 1886 2899 tu,
1941 2816 2020 2880 de
2068 2836 2198 2898 quo
2221 2816 2295 2881 31

101 2924 149 2965 ω
174 2903 375 2987 dicas,
420 2902 798 2989 intellegis?
872 2901 1237 2987 Complecti
1282 2903 1382 2968 vis
1425 2904 1866 2988 amplissimos
1905 2903 2082 2969 viros
2121 2902 2203 2965 ad

173 2994 367 3056 tuum
412 2994 481 3055 et
528 2988 769 3056 Gabini
814 2991 1053 3075 scelus,
1101 3013 1312 3076 neque
1358 2992 1426 3056 id
1471 2992 1753 3075 occulte3
1805 3012 1960 3055 nam
2005 2989 2201 3074 paulo

175 3084 329 3145 ante
387 3078 614 3143 dixisti
662 3101 766 3144 me
813 3101 962 3144 cum
1007 3079 1089 3144 iis
1138 3079 1518 3165 confligere,
1574 3101 1737 3163 quos
1784 3079 2203 3162 despicerem,

172 3188 309 3231 non
331 3164 702 3253 “attingere
762 3189 901 3252 eos,
966 3168 1079 3251 qui
1132 3167 1283 3251 plus
1338 3171 1635 3252 possent,
1700 3167 1938 3250 quibus
1992 3166 2203 3230 iratus

176 3275 319 3320 esse
367 3254 689 3320 deberem.
762 3255 1055 3332 Quorum
1101 3256 1366 3339 quidem
1412 3254 1588 3342 (quis
1635 3255 1811 3319 enim
1843 3274 1982 3319 non
2017 3253 2206 3318 intel-

106 3364 152 3405 85
176 3340 371 3429 legit,
446 3364 611 3427 quos
677 3343 851 3409 dicas
862 3340 925 3429 ‘?)
997 3365 1393 3427 quamquam
1456 3365 1590 3409 non
1653 3346 1755 3411 est
1820 3363 2014 3408 causa
2075 3363 2209 3407 una

178 3431 501 3515 omnium,
554 3434 781 3497 tamen
832 3435 933 3497 est
989 3432 1282 3496 omnium
1337 3431 1501 3496 mihi
1545 3431 1843 3515 probata.
1934 3430 2042 3495 Me
2090 3428 2204 3494 Cn.
2226 3440 2293 3489 ’16

175 3516 532 3603 Pompeius
598 3519 824 3585 multis
887 3519 1361 3584 obsistentibus
1417 3518 1556 3583 eius
1613 3538 1773 3603 erga
1825 3538 1930 3582 me
1987 3517 2206 3583 studio
