<?xml version="1.0" encoding="UTF-8"?>
<!DOCTYPE html PUBLIC "-//W3C//DTD XHTML 1.0 Transitional//EN"
    "http://www.w3.org/TR/xhtml1/DTD/xhtml1-transitional.dtd">
<html xmlns="http://www.w3.org/1999/xhtml" xml:lang="en" lang="en">
 <head>
  <title>
</title>
<meta http-equiv="Content-Type" content="text/html;charset=utf-8" />
  <meta name='ocr-system' content='tesseract 3.04.00' />
  <meta name='ocr-capabilities' content='ocr_page ocr_carea ocr_par ocr_line ocrx_word'/>
</head>
<body>
  <div class='ocr_page' id='page_1' title='image "./scriptaquaemans00mlgoog_0195.png"; bbox 0 0 2550 3875; ppageno 0'>
   <div class='ocr_carea' id='block_1_1' title="bbox 774 173 2162 246">
    <p class='ocr_par' dir='ltr' id='par_1_1' title="bbox 774 173 2162 246">
     <span class='ocr_line' id='line_1_1' title="bbox 774 173 2162 246; baseline 0.007 -18"><span class='ocrx_word' id='word_1_1' title='bbox 774 173 932 229; x_wconf 82' lang='lat' dir='ltr'>OAP.</span> <span class='ocrx_word' id='word_1_2' title='bbox 971 181 1181 231; x_wconf 82' lang='lat'><strong>63—65</strong></span> <span class='ocrx_word' id='word_1_3' title='bbox 1219 183 1250 243; x_wconf 67' lang='grc' dir='ltr'><strong>ξ</strong></span> <span class='ocrx_word' id='word_1_4' title='bbox 1292 183 1588 234; x_wconf 79' lang='grc'><strong>131-185,</strong></span> <span class='ocrx_word' id='word_1_5' title='bbox 2074 181 2162 246; x_wconf 80' lang='grc'><strong>59</strong></span> 
     </span>
    </p>
   </div>
   <div class='ocr_carea' id='block_1_2' title="bbox 2 335 2284 3593">
    <p class='ocr_par' dir='ltr' id='par_1_2' title="bbox 2 335 2284 3593">
     <span class='ocr_line' id='line_1_2' title="bbox 127 335 2164 425; baseline 0.005 -27"><span class='ocrx_word' id='word_1_6' title='bbox 127 355 236 399; x_wconf 90' lang='lat' dir='ltr'><strong>res</strong></span> <span class='ocrx_word' id='word_1_7' title='bbox 281 335 619 400; x_wconf 90' lang='lat' dir='ltr'><strong>hominem</strong></span> <span class='ocrx_word' id='word_1_8' title='bbox 666 335 940 421; x_wconf 90' lang='lat' dir='ltr'><strong>inpellit,</strong></span> <span class='ocrx_word' id='word_1_9' title='bbox 985 341 1061 402; x_wconf 89' lang='lat' dir='ltr'><strong>ut</strong></span> <span class='ocrx_word' id='word_1_10' title='bbox 1105 339 1194 403; x_wconf 87' lang='lat' dir='ltr'><strong>sit</strong></span> <span class='ocrx_word' id='word_1_11' title='bbox 1237 343 1377 404; x_wconf 88' lang='lat' dir='ltr'><strong>tam</strong></span> <span class='ocrx_word' id='word_1_12' title='bbox 1419 339 1905 425; x_wconf 67' lang='lat' dir='ltr'><strong>intemperans?</strong></span> <span class='ocrx_word' id='word_1_13' title='bbox 1998 341 2164 423; x_wconf 86' lang='lat' dir='ltr'><strong>[Iste</strong></span> 
     </span>
     <span class='ocr_line' id='line_1_3' title="bbox 2 423 2165 601; baseline 0.005 -28"><span class='ocrx_word' id='word_1_14' title='bbox 2 423 4 428; x_wconf 25' lang='lat'><strong>¹</strong></span> <span class='ocrx_word' id='word_1_15' title='bbox 124 423 1924 601; x_wconf 49' lang='grc' dir='ltr'><strong>ἓῗέἷέἕὲὲῗὲἶ,θῖῗέἐῗζὸῗέἆὲἓᾞῗὲξὲᾙᾞίᾘ</strong></span> <span class='ocrx_word' id='word_1_16' title='bbox 1945 431 2165 584; x_wconf 64' lang='grc' dir='ltr'><strong>ἕέξὲῗέ</strong></span> 
     </span>
     <span class='ocr_line' id='line_1_4' title="bbox 906 564 1653 599; baseline 0.003 -2"><span class='ocrx_word' id='word_1_17' title='bbox 906 564 923 596; x_wconf 76' lang='lat'><em>7</em></span> <span class='ocrx_word' id='word_1_18' title='bbox 1235 567 1253 599; x_wconf 61' lang='grc' dir='ltr'><em>φ</em></span> <span class='ocrx_word' id='word_1_19' title='bbox 1625 567 1653 598; x_wconf 89' lang='grc'><strong>.·</strong></span> 
     </span>
     <span class='ocr_line' id='line_1_5' title="bbox 125 599 2164 683; baseline 0.005 -21"><span class='ocrx_word' id='word_1_20' title='bbox 125 599 394 683; x_wconf 89' lang='lat' dir='ltr'><strong>populi,</strong></span> <span class='ocrx_word' id='word_1_21' title='bbox 448 599 712 664; x_wconf 80' lang='lat' dir='ltr'><strong>videbat</strong></span> <span class='ocrx_word' id='word_1_22' title='bbox 767 601 1081 666; x_wconf 87' lang='lat' dir='ltr'><strong>clamores</strong></span> <span class='ocrx_word' id='word_1_23' title='bbox 1137 607 1204 668; x_wconf 90' lang='lat' dir='ltr'><strong>et</strong></span> <span class='ocrx_word' id='word_1_24' title='bbox 1259 625 1609 670; x_wconf 79' lang='lat' dir='ltr'><strong>concursus</strong></span> <span class='ocrx_word' id='word_1_25' title='bbox 1654 605 1929 671; x_wconf 82' lang='lat' dir='ltr'><strong>futuros.</strong></span> <span class='ocrx_word' id='word_1_26' title='bbox 2018 606 2164 672; x_wconf 91' lang='lat' dir='ltr'><strong>Hac</strong></span> 
     </span>
     <span class='ocr_line' id='line_1_6' title="bbox 78 687 2163 780; baseline 0.005 -31"><span class='ocrx_word' id='word_1_27' title='bbox 78 700 102 740; x_wconf 86' lang='lat'>⁵</span> <span class='ocrx_word' id='word_1_28' title='bbox 129 687 620 770; x_wconf 86' lang='lat' dir='ltr'><strong>exspectatione</strong></span> <span class='ocrx_word' id='word_1_29' title='bbox 677 688 886 754; x_wconf 88' lang='lat' dir='ltr'><strong>elatus</strong></span> <span class='ocrx_word' id='word_1_30' title='bbox 936 689 1132 755; x_wconf 88' lang='lat' dir='ltr'><strong>homo</strong></span> <span class='ocrx_word' id='word_1_31' title='bbox 1178 691 1465 776; x_wconf 88' lang='lat' dir='ltr'><strong>flagrans</strong></span> <span class='ocrx_word' id='word_1_32' title='bbox 1512 693 1865 777; x_wconf 89' lang='lat' dir='ltr'><strong>cupiditate</strong></span> <span class='ocrx_word' id='word_1_33' title='bbox 1912 695 2163 780; x_wconf 88' lang='lat' dir='ltr'><strong>gloriae</strong></span> 
     </span>
     <span class='ocr_line' id='line_1_7' title="bbox 127 777 2162 867; baseline 0.005 -29"><span class='ocrx_word' id='word_1_34' title='bbox 127 777 357 840; x_wconf 88' lang='lat' dir='ltr'><strong>tenere</strong></span> <span class='ocrx_word' id='word_1_35' title='bbox 414 796 482 840; x_wconf 90' lang='lat' dir='ltr'><strong>se</strong></span> <span class='ocrx_word' id='word_1_36' title='bbox 535 796 670 840; x_wconf 89' lang='lat' dir='ltr'><strong>non</strong></span> <span class='ocrx_word' id='word_1_37' title='bbox 713 777 955 861; x_wconf 91' lang='lat' dir='ltr'><strong>potuit,</strong></span> <span class='ocrx_word' id='word_1_38' title='bbox 1011 778 1168 862; x_wconf 89' lang='lat' dir='ltr'><strong>quin</strong></span> <span class='ocrx_word' id='word_1_39' title='bbox 1214 800 1324 843; x_wconf 91' lang='lat' dir='ltr'><strong>eos</strong></span> <span class='ocrx_word' id='word_1_40' title='bbox 1371 780 1765 865; x_wconf 76' lang='lat' dir='ltr'>gladiatores</span> <span class='ocrx_word' id='word_1_41' title='bbox 1810 782 2162 867; x_wconf 76' lang='lat' dir='ltr'><strong>induceret,</strong></span> 
     </span>
     <span class='ocr_line' id='line_1_8' title="bbox 128 864 2163 949; baseline 0.005 -23"><span class='ocrx_word' id='word_1_42' title='bbox 128 883 418 946; x_wconf 91' lang='lat' dir='ltr'><strong>quorum</strong></span> <span class='ocrx_word' id='word_1_43' title='bbox 473 867 646 928; x_wconf 88' lang='lat' dir='ltr'><strong>esset</strong></span> <span class='ocrx_word' id='word_1_44' title='bbox 696 864 836 948; x_wconf 87' lang='lat' dir='ltr'><strong>ipse</strong></span> <span class='ocrx_word' id='word_1_45' title='bbox 881 865 1373 949; x_wconf 83' lang='lat' dir='ltr'><strong>pulcherrimus.</strong></span> <span class='ocrx_word' id='word_1_46' title='bbox 1467 866 1539 933; x_wconf 88' lang='lat' dir='ltr'><strong>Si</strong></span> <span class='ocrx_word' id='word_1_47' title='bbox 1584 869 1669 933; x_wconf 89' lang='lat' dir='ltr'><strong>ob</strong></span> <span class='ocrx_word' id='word_1_48' title='bbox 1714 890 1853 934; x_wconf 85' lang='lat' dir='ltr'><strong>eam</strong></span> <span class='ocrx_word' id='word_1_49' title='bbox 1899 891 2163 936; x_wconf 89' lang='lat' dir='ltr'><strong>causam</strong></span> 
     </span>
     <span class='ocr_line' id='line_1_9' title="bbox 126 953 2163 1038; baseline 0.004 -23"><span class='ocrx_word' id='word_1_50' title='bbox 126 955 437 1034; x_wconf 75' lang='lat' dir='ltr'><strong>peccaret</strong></span> <span class='ocrx_word' id='word_1_51' title='bbox 493 953 610 1032; x_wconf 89' lang='lat' dir='ltr'><strong>[et]</strong></span> <span class='ocrx_word' id='word_1_52' title='bbox 669 959 812 1036; x_wconf 90' lang='lat' dir='ltr'><strong>pro&#39;</strong></span> <span class='ocrx_word' id='word_1_53' title='bbox 843 953 1088 1018; x_wconf 76' lang='lat' dir='ltr'><strong>recenti</strong></span> <span class='ocrx_word' id='word_1_54' title='bbox 1141 954 1368 1038; x_wconf 90' lang='lat' dir='ltr'><strong>populi</strong></span> <span class='ocrx_word' id='word_1_55' title='bbox 1414 955 1695 1020; x_wconf 84' lang='lat' dir='ltr'><strong>Romani</strong></span> <span class='ocrx_word' id='word_1_56' title='bbox 1742 957 1814 1022; x_wconf 92' lang='lat' dir='ltr'><strong>in</strong></span> <span class='ocrx_word' id='word_1_57' title='bbox 1857 979 1926 1023; x_wconf 88' lang='lat' dir='ltr'><strong>se</strong></span> <span class='ocrx_word' id='word_1_58' title='bbox 1972 959 2163 1024; x_wconf 89' lang='lat' dir='ltr'><strong>bene-</strong></span> 
     </span>
     <span class='ocr_line' id='line_1_10' title="bbox 127 1039 2161 1130; baseline 0.004 -28"><span class='ocrx_word' id='word_1_59' title='bbox 127 1039 283 1104; x_wconf 89' lang='lat' dir='ltr'><strong>ficio</strong></span> <span class='ocrx_word' id='word_1_60' title='bbox 341 1039 642 1122; x_wconf 85' lang='lat' dir='ltr'><strong>populari</strong></span> <span class='ocrx_word' id='word_1_61' title='bbox 697 1041 914 1106; x_wconf 87' lang='lat' dir='ltr'><strong>studio</strong></span> <span class='ocrx_word' id='word_1_62' title='bbox 969 1041 1206 1125; x_wconf 90' lang='lat' dir='ltr'><strong>elatus,</strong></span> <span class='ocrx_word' id='word_1_63' title='bbox 1261 1045 1483 1107; x_wconf 89' lang='lat' dir='ltr'><strong>tamen</strong></span> <span class='ocrx_word' id='word_1_64' title='bbox 1526 1043 1899 1128; x_wconf 80' lang='lat' dir='ltr'><strong>ignosceret</strong></span> <span class='ocrx_word' id='word_1_65' title='bbox 1939 1067 2161 1130; x_wconf 83' lang='lat' dir='ltr'><strong>nem03</strong></span> 
     </span>
     <span class='ocr_line' id='line_1_11' title="bbox 61 1127 2162 1217; baseline 0.007 -33"><span class='ocrx_word' id='word_1_66' title='bbox 61 1145 106 1184; x_wconf 84' lang='grc' dir='ltr'><strong>ιο</strong></span> <span class='ocrx_word' id='word_1_67' title='bbox 129 1149 285 1192; x_wconf 87' lang='lat' dir='ltr'><strong>cum</strong></span> <span class='ocrx_word' id='word_1_68' title='bbox 351 1149 504 1192; x_wconf 85' lang='lat' dir='ltr'><strong>vero</strong></span> <span class='ocrx_word' id='word_1_69' title='bbox 567 1149 649 1191; x_wconf 92' lang='lat' dir='ltr'><strong>ne</strong></span> <span class='ocrx_word' id='word_1_70' title='bbox 707 1127 786 1192; x_wconf 90' lang='lat' dir='ltr'><strong>de</strong></span> <span class='ocrx_word' id='word_1_71' title='bbox 840 1128 1178 1194; x_wconf 84' lang='lat' dir='ltr'><strong>venalibus</strong></span> <span class='ocrx_word' id='word_1_72' title='bbox 1234 1131 1496 1213; x_wconf 89' lang='lat' dir='ltr'><strong>quidem</strong></span> <span class='ocrx_word' id='word_1_73' title='bbox 1547 1131 1846 1197; x_wconf 89' lang='lat' dir='ltr'><strong>homines</strong></span> <span class='ocrx_word' id='word_1_74' title='bbox 1902 1133 2162 1217; x_wconf 86' lang='lat' dir='ltr'><strong>electos,</strong></span> 
     </span>
     <span class='ocr_line' id='line_1_12' title="bbox 129 1215 2164 1304; baseline 0.003 -26"><span class='ocrx_word' id='word_1_75' title='bbox 129 1215 249 1279; x_wconf 89' lang='lat' dir='ltr'><strong>sed</strong></span> <span class='ocrx_word' id='word_1_76' title='bbox 314 1235 394 1279; x_wconf 82' lang='lat' dir='ltr'><strong>ex</strong></span> <span class='ocrx_word' id='word_1_77' title='bbox 455 1215 803 1300; x_wconf 85' lang='lat' dir='ltr'><strong>ergastulis</strong></span> <span class='ocrx_word' id='word_1_78' title='bbox 859 1220 1114 1300; x_wconf 89' lang='lat' dir='ltr'><strong>emptos</strong></span> <span class='ocrx_word' id='word_1_79' title='bbox 1166 1218 1542 1284; x_wconf 85' lang='lat' dir='ltr'><strong>nominibus</strong></span> <span class='ocrx_word' id='word_1_80' title='bbox 1597 1219 2007 1304; x_wconf 82' lang='lat' dir='ltr'><strong>gladiatoriis</strong></span> <span class='ocrx_word' id='word_1_81' title='bbox 2062 1243 2164 1286; x_wconf 89' lang='lat' dir='ltr'><strong>or-</strong></span> 
     </span>
     <span class='ocr_line' id='line_1_13' title="bbox 124 1302 2161 1392; baseline 0.003 -24"><span class='ocrx_word' id='word_1_82' title='bbox 124 1302 311 1368; x_wconf 86' lang='lat' dir='ltr'><strong>narit</strong></span> <span class='ocrx_word' id='word_1_83' title='bbox 383 1306 451 1367; x_wconf 94' lang='lat' dir='ltr'><strong>et</strong></span> <span class='ocrx_word' id='word_1_84' title='bbox 514 1304 748 1368; x_wconf 88' lang='lat' dir='ltr'><strong>sortito</strong></span> <span class='ocrx_word' id='word_1_85' title='bbox 813 1303 978 1369; x_wconf 91' lang='lat' dir='ltr'><strong>alios</strong></span> <span class='ocrx_word' id='word_1_86' title='bbox 1045 1302 1396 1391; x_wconf 81' lang='lat' dir='ltr'><strong>Samnites,</strong></span> <span class='ocrx_word' id='word_1_87' title='bbox 1470 1306 1637 1372; x_wconf 90' lang='lat' dir='ltr'><strong>alios</strong></span> <span class='ocrx_word' id='word_1_88' title='bbox 1698 1312 2161 1392; x_wconf 79' lang='lat' dir='ltr'><strong>provocatores</strong></span> 
     </span>
     <span class='ocr_line' id='line_1_14' title="bbox 125 1390 2161 1480; baseline 0.002 -25"><span class='ocrx_word' id='word_1_89' title='bbox 125 1390 391 1475; x_wconf 87' lang='lat' dir='ltr'><strong>fecerit,</strong></span> <span class='ocrx_word' id='word_1_90' title='bbox 435 1393 622 1456; x_wconf 87' lang='lat' dir='ltr'><strong>tanta</strong></span> <span class='ocrx_word' id='word_1_91' title='bbox 664 1391 957 1477; x_wconf 89' lang='lat' dir='ltr'><strong>licentia,</strong></span> <span class='ocrx_word' id='word_1_92' title='bbox 1001 1395 1188 1457; x_wconf 88' lang='lat' dir='ltr'><strong>tanta</strong></span> <span class='ocrx_word' id='word_1_93' title='bbox 1230 1393 1455 1480; x_wconf 87' lang='lat' dir='ltr'><strong>legum</strong></span> <span class='ocrx_word' id='word_1_94' title='bbox 1500 1395 1899 1480; x_wconf 86' lang='lat' dir='ltr'><strong>contemptio</strong></span> <span class='ocrx_word' id='word_1_95' title='bbox 1945 1416 2161 1462; x_wconf 91' lang='lat' dir='ltr'><strong>nonne</strong></span> 
     </span>
     <span class='ocr_line' id='line_1_15' title="bbox 129 1478 2284 1565; baseline 0.002 -22"><span class='ocrx_word' id='word_1_96' title='bbox 129 1501 332 1563; x_wconf 91' lang='lat' dir='ltr'><strong>quem</strong></span> <span class='ocrx_word' id='word_1_97' title='bbox 396 1478 704 1543; x_wconf 88' lang='lat' dir='ltr'><strong>habitura</strong></span> <span class='ocrx_word' id='word_1_98' title='bbox 765 1480 854 1545; x_wconf 88' lang='lat' dir='ltr'><strong>sit</strong></span> <span class='ocrx_word' id='word_1_99' title='bbox 918 1481 1164 1546; x_wconf 86' lang='lat' dir='ltr'><strong>exitum</strong></span> <span class='ocrx_word' id='word_1_100' title='bbox 1226 1483 1675 1565; x_wconf 79' lang='lat' dir='ltr'><strong>pertimescit?</strong></span> <span class='ocrx_word' id='word_1_101' title='bbox 1776 1481 1903 1548; x_wconf 86' lang='lat' dir='ltr'><strong>Sed</strong></span> <span class='ocrx_word' id='word_1_102' title='bbox 1956 1483 2161 1548; x_wconf 88' lang='lat' dir='ltr'><strong>habet</strong></span> <span class='ocrx_word' id='word_1_103' title='bbox 2183 1485 2284 1535; x_wconf 82' lang='lat'><strong>135</strong></span> 
     </span>
     <span class='ocr_line' id='line_1_16' title="bbox 62 1566 2161 1656; baseline 0.005 -30"><span class='ocrx_word' id='word_1_104' title='bbox 62 1585 102 1626; x_wconf 67' lang='grc' dir='ltr'><strong>ιε</strong></span> <span class='ocrx_word' id='word_1_105' title='bbox 128 1566 546 1633; x_wconf 88' lang='lat' dir='ltr'><strong>defensiones</strong></span> <span class='ocrx_word' id='word_1_106' title='bbox 581 1568 758 1648; x_wconf 87' lang='lat' dir='ltr'><strong>duas,</strong></span> <span class='ocrx_word' id='word_1_107' title='bbox 802 1568 1086 1652; x_wconf 88' lang='lat' dir='ltr'><strong>primum</strong></span> <span class='ocrx_word' id='word_1_108' title='bbox 1123 1567 1293 1654; x_wconf 76' lang='lat' dir='ltr'><strong>‘Do&#39;,</strong></span> <span class='ocrx_word' id='word_1_109' title='bbox 1338 1570 1569 1656; x_wconf 90' lang='lat' dir='ltr'><strong>inquit,</strong></span> <span class='ocrx_word' id='word_1_110' title='bbox 1610 1570 2009 1656; x_wconf 75' lang='lat' dir='ltr'><strong>‘bestiarios3</strong></span> <span class='ocrx_word' id='word_1_111' title='bbox 2053 1572 2161 1636; x_wconf 84' lang='lat' dir='ltr'><strong>lex</strong></span> 
     </span>
     <span class='ocr_line' id='line_1_17' title="bbox 129 1654 2161 1743; baseline 0.002 -23"><span class='ocrx_word' id='word_1_112' title='bbox 129 1654 384 1739; x_wconf 88' lang='lat' dir='ltr'><strong>scripta</strong></span> <span class='ocrx_word' id='word_1_113' title='bbox 437 1655 514 1719; x_wconf 92' lang='lat' dir='ltr'><strong>de</strong></span> <span class='ocrx_word' id='word_1_114' title='bbox 569 1656 1084 1740; x_wconf 67' lang='lat' dir='ltr'><strong>gladiatoribus?</strong></span> <span class='ocrx_word' id='word_1_115' title='bbox 1174 1655 1462 1723; x_wconf 80' lang='lat' dir='ltr'><strong>Festive!</strong></span> <span class='ocrx_word' id='word_1_116' title='bbox 1561 1658 1861 1743; x_wconf 86' lang='lat' dir='ltr'><strong>Accipite</strong></span> <span class='ocrx_word' id='word_1_117' title='bbox 1912 1659 2161 1743; x_wconf 89' lang='lat' dir='ltr'><strong>aliquid</strong></span> 
     </span>
     <span class='ocr_line' id='line_1_18' title="bbox 129 1743 2159 1832; baseline 0.002 -24"><span class='ocrx_word' id='word_1_118' title='bbox 129 1743 337 1808; x_wconf 89' lang='lat' dir='ltr'><strong>etiam</strong></span> <span class='ocrx_word' id='word_1_119' title='bbox 391 1743 661 1809; x_wconf 88' lang='lat' dir='ltr'><strong>acutius.</strong></span> <span class='ocrx_word' id='word_1_120' title='bbox 760 1743 951 1809; x_wconf 90' lang='lat' dir='ltr'><strong>Dicet</strong></span> <span class='ocrx_word' id='word_1_121' title='bbox 1003 1767 1073 1810; x_wconf 90' lang='lat' dir='ltr'><strong>se</strong></span> <span class='ocrx_word' id='word_1_122' title='bbox 1128 1767 1260 1810; x_wconf 93' lang='lat' dir='ltr'><strong>non</strong></span> <span class='ocrx_word' id='word_1_123' title='bbox 1314 1746 1739 1832; x_wconf 82' lang='lat' dir='ltr'><strong>gladiatores,</strong></span> <span class='ocrx_word' id='word_1_124' title='bbox 1794 1749 1905 1812; x_wconf 88' lang='lat' dir='ltr'><strong>sed</strong></span> <span class='ocrx_word' id='word_1_125' title='bbox 1955 1769 2159 1812; x_wconf 87' lang='lat' dir='ltr'><strong>unum</strong></span> 
     </span>
     <span class='ocr_line' id='line_1_19' title="bbox 130 1831 2163 1917; baseline 0.002 -21"><span class='ocrx_word' id='word_1_126' title='bbox 130 1831 566 1917; x_wconf 83' lang='lat' dir='ltr'><strong>gladiatorem</strong></span> <span class='ocrx_word' id='word_1_127' title='bbox 620 1832 770 1896; x_wconf 89' lang='lat' dir='ltr'><strong>dare</strong></span> <span class='ocrx_word' id='word_1_128' title='bbox 827 1835 893 1897; x_wconf 93' lang='lat' dir='ltr'><strong>et</strong></span> <span class='ocrx_word' id='word_1_129' title='bbox 937 1836 1148 1898; x_wconf 90' lang='lat' dir='ltr'><strong>totam</strong></span> <span class='ocrx_word' id='word_1_130' title='bbox 1195 1834 1595 1900; x_wconf 87' lang='lat' dir='ltr'><strong>aedilitatem</strong></span> <span class='ocrx_word' id='word_1_131' title='bbox 1638 1836 1710 1901; x_wconf 91' lang='lat' dir='ltr'><strong>in</strong></span> <span class='ocrx_word' id='word_1_132' title='bbox 1752 1857 1987 1901; x_wconf 89' lang='lat' dir='ltr'><strong>munus</strong></span> <span class='ocrx_word' id='word_1_133' title='bbox 2031 1835 2163 1900; x_wconf 87' lang='lat' dir='ltr'><strong>hoc</strong></span> 
     </span>
     <span class='ocr_line' id='line_1_20' title="bbox 129 1917 2157 2009; baseline 0.002 -25"><span class='ocrx_word' id='word_1_134' title='bbox 129 1919 566 1985; x_wconf 88' lang='lat' dir='ltr'><strong>transtulisse.</strong></span> <span class='ocrx_word' id='word_1_135' title='bbox 665 1917 1009 1986; x_wconf 86' lang='lat' dir='ltr'><strong>Praeclara</strong></span> <span class='ocrx_word' id='word_1_136' title='bbox 1078 1922 1403 1987; x_wconf 87' lang='lat' dir='ltr'><strong>aedilitas!</strong></span> <span class='ocrx_word' id='word_1_137' title='bbox 1477 1945 1645 1989; x_wconf 87' lang='lat' dir='ltr'><strong>unus</strong></span> <span class='ocrx_word' id='word_1_138' title='bbox 1708 1923 1840 2009; x_wconf 93' lang='lat' dir='ltr'><strong>leo,</strong></span> <span class='ocrx_word' id='word_1_139' title='bbox 1896 1923 2157 1990; x_wconf 89' lang='lat' dir='ltr'><strong>ducenti</strong></span> 
     </span>
     <span class='ocr_line' id='line_1_21' title="bbox 65 2007 2160 2097; baseline 0.005 -30"><span class='ocrx_word' id='word_1_140' title='bbox 65 2028 106 2067; x_wconf 71' lang='lat' dir='ltr'><strong>no</strong></span> <span class='ocrx_word' id='word_1_141' title='bbox 128 2009 448 2075; x_wconf 85' lang='lat' dir='ltr'><strong>bestiarii.</strong></span> <span class='ocrx_word' id='word_1_142' title='bbox 538 2007 787 2075; x_wconf 91' lang='lat' dir='ltr'><strong>Verum</strong></span> <span class='ocrx_word' id='word_1_143' title='bbox 843 2013 1067 2075; x_wconf 90' lang='lat' dir='ltr'><strong>utatur</strong></span> <span class='ocrx_word' id='word_1_144' title='bbox 1119 2010 1244 2075; x_wconf 88' lang='lat' dir='ltr'><strong>hac</strong></span> <span class='ocrx_word' id='word_1_145' title='bbox 1298 2011 1696 2097; x_wconf 84' lang='lat' dir='ltr'><strong>defensione;</strong></span> <span class='ocrx_word' id='word_1_146' title='bbox 1760 2012 1951 2097; x_wconf 90' lang='lat' dir='ltr'><strong>cupio</strong></span> <span class='ocrx_word' id='word_1_147' title='bbox 2010 2034 2160 2078; x_wconf 91' lang='lat' dir='ltr'><strong>eum</strong></span> 
     </span>
     <span class='ocr_line' id='line_1_22' title="bbox 132 2096 2267 2187; baseline 0 -24"><span class='ocrx_word' id='word_1_148' title='bbox 132 2119 290 2163; x_wconf 90' lang='lat' dir='ltr'><strong>suae</strong></span> <span class='ocrx_word' id='word_1_149' title='bbox 340 2118 570 2162; x_wconf 87' lang='lat' dir='ltr'><strong>causae</strong></span> <span class='ocrx_word' id='word_1_150' title='bbox 617 2097 954 2163; x_wconf 89' lang='lat' dir='ltr'><strong>confidere.</strong></span> <span class='ocrx_word' id='word_1_151' title='bbox 1021 2096 1204 2163; x_wconf 85' lang='lat' dir='ltr'><strong>Solet</strong></span> <span class='ocrx_word' id='word_1_152' title='bbox 1249 2099 1425 2164; x_wconf 86' lang='lat' dir='ltr'><strong>enim</strong></span> <span class='ocrx_word' id='word_1_153' title='bbox 1469 2100 1771 2166; x_wconf 88' lang='lat' dir='ltr'><strong>tribunos</strong></span> <span class='ocrx_word' id='word_1_154' title='bbox 1817 2100 1905 2185; x_wconf 89' lang='lat' dir='ltr'><strong>pl.</strong></span> <span class='ocrx_word' id='word_1_155' title='bbox 1942 2100 2163 2184; x_wconf 86' lang='lat' dir='ltr'><strong>appel·</strong></span> <span class='ocrx_word' id='word_1_156' title='bbox 2261 2180 2267 2187; x_wconf 27' lang='grc' dir='ltr'>ι</span> 
     </span>
     <span class='ocr_line' id='line_1_23' title="bbox 130 2185 2163 2270; baseline 0.001 -21"><span class='ocrx_word' id='word_1_157' title='bbox 130 2186 270 2250; x_wconf 88' lang='lat' dir='ltr'><strong>lare</strong></span> <span class='ocrx_word' id='word_1_158' title='bbox 308 2188 376 2249; x_wconf 91' lang='lat' dir='ltr'><strong>et</strong></span> <span class='ocrx_word' id='word_1_159' title='bbox 410 2185 475 2249; x_wconf 86' lang='lat' dir='ltr'><strong>vi</strong></span> <span class='ocrx_word' id='word_1_160' title='bbox 509 2185 822 2251; x_wconf 92' lang='lat' dir='ltr'><strong>iudicium</strong></span> <span class='ocrx_word' id='word_1_161' title='bbox 859 2185 1241 2270; x_wconf 87' lang='lat' dir='ltr'><strong>disturbare,</strong></span> <span class='ocrx_word' id='word_1_162' title='bbox 1279 2208 1427 2252; x_wconf 90' lang='lat' dir='ltr'><strong>cum</strong></span> <span class='ocrx_word' id='word_1_163' title='bbox 1460 2187 1715 2253; x_wconf 84' lang='lat' dir='ltr'><strong>diffidit.</strong></span> <span class='ocrx_word' id='word_1_164' title='bbox 1791 2187 2001 2264; x_wconf 83' lang='lat' dir='ltr'><strong>Quem</strong></span> <span class='ocrx_word' id='word_1_165' title='bbox 2025 2209 2163 2252; x_wconf 89' lang='lat' dir='ltr'><strong>non</strong></span> 
     </span>
     <span class='ocr_line' id='line_1_24' title="bbox 130 2272 2159 2361; baseline 0.001 -23"><span class='ocrx_word' id='word_1_166' title='bbox 130 2278 273 2338; x_wconf 88' lang='lat' dir='ltr'><strong>tam</strong></span> <span class='ocrx_word' id='word_1_167' title='bbox 328 2272 639 2357; x_wconf 87' lang='lat' dir='ltr'><strong>admiror,</strong></span> <span class='ocrx_word' id='word_1_168' title='bbox 695 2274 868 2357; x_wconf 92' lang='lat' dir='ltr'><strong>quod</strong></span> <span class='ocrx_word' id='word_1_169' title='bbox 921 2296 1134 2338; x_wconf 89' lang='lat' dir='ltr'><strong>meam</strong></span> <span class='ocrx_word' id='word_1_170' title='bbox 1196 2275 1408 2361; x_wconf 90' lang='lat' dir='ltr'><strong>legem</strong></span> <span class='ocrx_word' id='word_1_171' title='bbox 1464 2276 1823 2341; x_wconf 89' lang='lat' dir='ltr'><strong>contemnit</strong></span> <span class='ocrx_word' id='word_1_172' title='bbox 1872 2276 2159 2340; x_wconf 89' lang='lat' dir='ltr'><strong>hominis</strong></span> 
     </span>
     <span class='ocr_line' id='line_1_25' title="bbox 131 2360 2163 2446; baseline 0.002 -21"><span class='ocrx_word' id='word_1_173' title='bbox 131 2360 412 2445; x_wconf 84' lang='lat' dir='ltr'><strong>inimici,</strong></span> <span class='ocrx_word' id='word_1_174' title='bbox 477 2382 671 2445; x_wconf 86' lang='lat' dir='ltr'><strong>quam</strong></span> <span class='ocrx_word' id='word_1_175' title='bbox 729 2362 905 2445; x_wconf 88' lang='lat' dir='ltr'><strong>quod</strong></span> <span class='ocrx_word' id='word_1_176' title='bbox 957 2362 1052 2427; x_wconf 89' lang='lat' dir='ltr'><strong>sic</strong></span> <span class='ocrx_word' id='word_1_177' title='bbox 1106 2363 1367 2446; x_wconf 87' lang='lat' dir='ltr'><strong>statuit,</strong></span> <span class='ocrx_word' id='word_1_178' title='bbox 1431 2364 1696 2428; x_wconf 91' lang='lat' dir='ltr'><strong>omnino</strong></span> <span class='ocrx_word' id='word_1_179' title='bbox 1752 2363 2163 2429; x_wconf 88' lang='lat' dir='ltr'><strong>consularem</strong></span> 
     </span>
     <span class='ocr_line' id='line_1_26' title="bbox 60 2448 2160 2536; baseline 0.002 -25"><span class='ocrx_word' id='word_1_180' title='bbox 60 2467 108 2508; x_wconf 74' lang='lat'><strong>2⁵</strong></span> <span class='ocrx_word' id='word_1_181' title='bbox 133 2451 352 2535; x_wconf 88' lang='lat' dir='ltr'><strong>legem</strong></span> <span class='ocrx_word' id='word_1_182' title='bbox 413 2450 663 2514; x_wconf 90' lang='lat' dir='ltr'><strong>nullam</strong></span> <span class='ocrx_word' id='word_1_183' title='bbox 725 2454 972 2534; x_wconf 89' lang='lat' dir='ltr'><strong>putare.</strong></span> <span class='ocrx_word' id='word_1_184' title='bbox 1074 2448 1426 2515; x_wconf 85' lang='lat' dir='ltr'><strong>Caeciliam</strong></span> <span class='ocrx_word' id='word_1_185' title='bbox 1483 2449 1774 2536; x_wconf 87' lang='lat' dir='ltr'><strong>Didiam,</strong></span> <span class='ocrx_word' id='word_1_186' title='bbox 1837 2450 2160 2517; x_wconf 85' lang='lat' dir='ltr'><strong>Liciniam</strong></span> 
     </span>
     <span class='ocr_line' id='line_1_27' title="bbox 133 2537 2163 2625; baseline 0 -22"><span class='ocrx_word' id='word_1_187' title='bbox 133 2537 394 2603; x_wconf 88' lang='lat' dir='ltr'><strong>Iuniam</strong></span> <span class='ocrx_word' id='word_1_188' title='bbox 439 2538 846 2621; x_wconf 85' lang='lat' dir='ltr'><strong>contempsit.</strong></span> <span class='ocrx_word' id='word_1_189' title='bbox 935 2537 1239 2603; x_wconf 84' lang='lat' dir='ltr'><strong>Etiamne</strong></span> <span class='ocrx_word' id='word_1_190' title='bbox 1285 2539 1452 2623; x_wconf 87' lang='lat' dir='ltr'><strong>eius,</strong></span> <span class='ocrx_word' id='word_1_191' title='bbox 1499 2560 1692 2623; x_wconf 89' lang='lat' dir='ltr'><strong>quem</strong></span> <span class='ocrx_word' id='word_1_192' title='bbox 1736 2561 1856 2604; x_wconf 90' lang='lat' dir='ltr'><strong>sua</strong></span> <span class='ocrx_word' id='word_1_193' title='bbox 1899 2540 2045 2625; x_wconf 90' lang='lat' dir='ltr'><strong>lege</strong></span> <span class='ocrx_word' id='word_1_194' title='bbox 2092 2543 2163 2605; x_wconf 91' lang='lat' dir='ltr'><strong>et</strong></span> 
     </span>
     <span class='ocr_line' id='line_1_28' title="bbox 135 2626 2161 2713; baseline 0 -22"><span class='ocrx_word' id='word_1_195' title='bbox 135 2647 254 2691; x_wconf 88' lang='lat' dir='ltr'><strong>suo</strong></span> <span class='ocrx_word' id='word_1_196' title='bbox 310 2626 624 2691; x_wconf 88' lang='lat' dir='ltr'><strong>beneficio</strong></span> <span class='ocrx_word' id='word_1_197' title='bbox 672 2629 998 2710; x_wconf 90' lang='lat' dir='ltr'><strong>ornatum,</strong></span> <span class='ocrx_word' id='word_1_198' title='bbox 1042 2626 1393 2710; x_wconf 90' lang='lat' dir='ltr'><strong>munitum,</strong></span> <span class='ocrx_word' id='word_1_199' title='bbox 1439 2631 1763 2692; x_wconf 88' lang='lat' dir='ltr'><strong>armatum</strong></span> <span class='ocrx_word' id='word_1_200' title='bbox 1807 2626 1977 2693; x_wconf 88' lang='lat' dir='ltr'><strong>solet</strong></span> <span class='ocrx_word' id='word_1_201' title='bbox 2021 2627 2161 2713; x_wconf 88' lang='lat' dir='ltr'><strong>glo-</strong></span> 
     </span>
     <span class='ocr_line' id='line_1_29' title="bbox 133 2711 2163 2799; baseline 0 -20"><span class='ocrx_word' id='word_1_202' title='bbox 133 2714 319 2797; x_wconf 84' lang='lat' dir='ltr'><strong>riari,</strong></span> <span class='ocrx_word' id='word_1_203' title='bbox 375 2711 445 2778; x_wconf 85' lang='lat' dir='ltr'><strong>C.</strong></span> <span class='ocrx_word' id='word_1_204' title='bbox 490 2712 814 2797; x_wconf 85' lang='lat' dir='ltr'><strong>Caesaris,</strong></span> <span class='ocrx_word' id='word_1_205' title='bbox 867 2713 1080 2799; x_wconf 84' lang='lat' dir='ltr'><strong>legem</strong></span> <span class='ocrx_word' id='word_1_206' title='bbox 1135 2715 1213 2777; x_wconf 89' lang='lat' dir='ltr'><strong>de</strong></span> <span class='ocrx_word' id='word_1_207' title='bbox 1266 2715 1560 2797; x_wconf 91' lang='lat' dir='ltr'><strong>pecuniis</strong></span> <span class='ocrx_word' id='word_1_208' title='bbox 1606 2715 1980 2799; x_wconf 88' lang='lat' dir='ltr'><strong>repetundis</strong></span> <span class='ocrx_word' id='word_1_209' title='bbox 2025 2737 2163 2781; x_wconf 90' lang='lat' dir='ltr'><strong>non</strong></span> 
     </span>
     <span class='ocr_line' id='line_1_30' title="bbox 131 2801 2159 2888; baseline 0 -21"><span class='ocrx_word' id='word_1_210' title='bbox 131 2805 325 2888; x_wconf 87' lang='lat' dir='ltr'><strong>putat</strong></span> <span class='ocrx_word' id='word_1_211' title='bbox 371 2822 509 2866; x_wconf 87' lang='lat' dir='ltr'><strong>esse</strong></span> <span class='ocrx_word' id='word_1_212' title='bbox 555 2802 814 2887; x_wconf 77' lang='lat' dir='ltr'><strong>legem?</strong></span> <span class='ocrx_word' id='word_1_213' title='bbox 903 2801 993 2866; x_wconf 85' lang='lat' dir='ltr'><strong>Et</strong></span> <span class='ocrx_word' id='word_1_214' title='bbox 1039 2801 1223 2866; x_wconf 89' lang='lat' dir='ltr'><strong>aiunt</strong></span> <span class='ocrx_word' id='word_1_215' title='bbox 1259 2802 1425 2867; x_wconf 90' lang='lat' dir='ltr'><strong>alios</strong></span> <span class='ocrx_word' id='word_1_216' title='bbox 1462 2824 1622 2888; x_wconf 85' lang='lat' dir='ltr'><strong>esse,</strong></span> <span class='ocrx_word' id='word_1_217' title='bbox 1669 2804 1785 2886; x_wconf 91' lang='lat' dir='ltr'><strong>qui</strong></span> <span class='ocrx_word' id='word_1_218' title='bbox 1818 2808 1967 2869; x_wconf 87' lang='lat' dir='ltr'><strong>acta</strong></span> <span class='ocrx_word' id='word_1_219' title='bbox 2004 2801 2159 2869; x_wconf 83' lang='lat' dir='ltr'><strong>Cae-</strong></span> 
     </span>
     <span class='ocr_line' id='line_1_31' title="bbox 60 2889 2156 2974; baseline 0.002 -25"><span class='ocrx_word' id='word_1_220' title='bbox 60 2909 109 2949; x_wconf 73' lang='lat' dir='ltr'><strong>so</strong></span> <span class='ocrx_word' id='word_1_221' title='bbox 132 2890 302 2955; x_wconf 85' lang='lat' dir='ltr'><strong>saris</strong></span> <span class='ocrx_word' id='word_1_222' title='bbox 339 2890 724 2974; x_wconf 86' lang='lat' dir='ltr'><strong>rescindant,</strong></span> <span class='ocrx_word' id='word_1_223' title='bbox 762 2910 909 2955; x_wconf 83' lang='lat' dir='ltr'><strong>cum</strong></span> <span class='ocrx_word' id='word_1_224' title='bbox 941 2889 1102 2954; x_wconf 90' lang='lat' dir='ltr'><strong>haec</strong></span> <span class='ocrx_word' id='word_1_225' title='bbox 1140 2893 1410 2974; x_wconf 86' lang='lat' dir='ltr'><strong>optuma</strong></span> <span class='ocrx_word' id='word_1_226' title='bbox 1444 2891 1550 2955; x_wconf 84' lang='lat' dir='ltr'><strong>lex</strong></span> <span class='ocrx_word' id='word_1_227' title='bbox 1578 2894 1646 2956; x_wconf 94' lang='lat' dir='ltr'><strong>et</strong></span> <span class='ocrx_word' id='word_1_228' title='bbox 1672 2891 1756 2955; x_wconf 88' lang='lat' dir='ltr'><strong>ab</strong></span> <span class='ocrx_word' id='word_1_229' title='bbox 1784 2891 1900 2956; x_wconf 91' lang='lat' dir='ltr'><strong>illo</strong></span> <span class='ocrx_word' id='word_1_230' title='bbox 1930 2912 2156 2955; x_wconf 90' lang='lat' dir='ltr'><strong>socero</strong></span> 
     </span>
     <span class='ocr_line' id='line_1_32' title="bbox 133 2971 2277 3063; baseline -0.004 -18"><span class='ocrx_word' id='word_1_231' title='bbox 133 2980 274 3045; x_wconf 89' lang='lat' dir='ltr'><strong>eius</strong></span> <span class='ocrx_word' id='word_1_232' title='bbox 339 2981 408 3042; x_wconf 90' lang='lat' dir='ltr'><strong>et</strong></span> <span class='ocrx_word' id='word_1_233' title='bbox 469 2977 552 3042; x_wconf 89' lang='lat' dir='ltr'><strong>ab</strong></span> <span class='ocrx_word' id='word_1_234' title='bbox 614 2977 741 3044; x_wconf 90' lang='lat' dir='ltr'><strong>hoc</strong></span> <span class='ocrx_word' id='word_1_235' title='bbox 803 2977 1104 3043; x_wconf 89' lang='lat' dir='ltr'><strong>adsecula</strong></span> <span class='ocrx_word' id='word_1_236' title='bbox 1164 2977 1580 3063; x_wconf 82' lang='lat' dir='ltr'><strong>neglegatur!</strong></span> <span class='ocrx_word' id='word_1_237' title='bbox 1681 2978 1774 3043; x_wconf 88' lang='lat' dir='ltr'><strong>Et</strong></span> <span class='ocrx_word' id='word_1_238' title='bbox 1830 2978 2159 3044; x_wconf 90' lang='lat' dir='ltr'><strong>cohortari</strong></span> <span class='ocrx_word' id='word_1_239' title='bbox 2186 2971 2277 3036; x_wconf 86' lang='lat'><strong>65</strong></span> 
     </span>
     <span class='ocr_line' id='line_1_33' title="bbox 133 3064 2161 3150; baseline -0.002 -18"><span class='ocrx_word' id='word_1_240' title='bbox 133 3086 333 3132; x_wconf 85' lang='lat' dir='ltr'><strong>ausus</strong></span> <span class='ocrx_word' id='word_1_241' title='bbox 379 3068 480 3131; x_wconf 91' lang='lat' dir='ltr'><strong>est</strong></span> <span class='ocrx_word' id='word_1_242' title='bbox 525 3068 864 3132; x_wconf 89' lang='lat' dir='ltr'><strong>accusator</strong></span> <span class='ocrx_word' id='word_1_243' title='bbox 907 3066 977 3130; x_wconf 90' lang='lat' dir='ltr'><strong>in</strong></span> <span class='ocrx_word' id='word_1_244' title='bbox 1020 3066 1145 3130; x_wconf 89' lang='lat' dir='ltr'><strong>hac</strong></span> <span class='ocrx_word' id='word_1_245' title='bbox 1190 3087 1385 3131; x_wconf 89' lang='lat' dir='ltr'><strong>causa</strong></span> <span class='ocrx_word' id='word_1_246' title='bbox 1428 3087 1573 3150; x_wconf 82' lang='lat' dir='ltr'><strong>vos,</strong></span> <span class='ocrx_word' id='word_1_247' title='bbox 1618 3066 1881 3149; x_wconf 92' lang='lat' dir='ltr'><strong>iudices,</strong></span> <span class='ocrx_word' id='word_1_248' title='bbox 1925 3068 2002 3129; x_wconf 90' lang='lat' dir='ltr'><strong>ut</strong></span> <span class='ocrx_word' id='word_1_249' title='bbox 2046 3064 2161 3128; x_wconf 89' lang='lat' dir='ltr'><strong>ali-</strong></span> 
     </span>
     <span class='ocr_line' id='line_1_34' title="bbox 135 3152 2161 3241; baseline -0.001 -21"><span class='ocrx_word' id='word_1_250' title='bbox 135 3155 393 3241; x_wconf 89' lang='lat' dir='ltr'><strong>quando</strong></span> <span class='ocrx_word' id='word_1_251' title='bbox 427 3154 656 3220; x_wconf 85' lang='lat' dir='ltr'><strong>essetis</strong></span> <span class='ocrx_word' id='word_1_252' title='bbox 693 3152 918 3238; x_wconf 81' lang='lat' dir='ltr'><strong>severi,</strong></span> <span class='ocrx_word' id='word_1_253' title='bbox 956 3154 1301 3238; x_wconf 89' lang='lat' dir='ltr'><strong>aliquando</strong></span> <span class='ocrx_word' id='word_1_254' title='bbox 1339 3154 1727 3219; x_wconf 86' lang='lat' dir='ltr'><strong>medicinam</strong></span> <span class='ocrx_word' id='word_1_255' title='bbox 1764 3152 2161 3218; x_wconf 87' lang='lat' dir='ltr'><strong>adhiberetis</strong></span> 
     </span>
     <span class='ocr_line' id='line_1_35' title="bbox 133 3240 2162 3328; baseline -0.002 -20"><span class='ocrx_word' id='word_1_256' title='bbox 133 3244 230 3309; x_wconf 87' lang='lat' dir='ltr'><strong>rei</strong></span> <span class='ocrx_word' id='word_1_257' title='bbox 276 3242 594 3328; x_wconf 89' lang='lat' dir='ltr'><strong>publicae.</strong></span> <span class='ocrx_word' id='word_1_258' title='bbox 683 3240 838 3307; x_wconf 88' lang='lat' dir='ltr'><strong>Non</strong></span> <span class='ocrx_word' id='word_1_259' title='bbox 883 3263 960 3306; x_wconf 89' lang='lat' dir='ltr'><strong>ea</strong></span> <span class='ocrx_word' id='word_1_260' title='bbox 1004 3244 1104 3307; x_wconf 68' lang='lat' dir='ltr'><strong>est</strong></span> <span class='ocrx_word' id='word_1_261' title='bbox 1148 3242 1493 3326; x_wconf 84' lang='lat' dir='ltr'><strong>medicina,</strong></span> <span class='ocrx_word' id='word_1_262' title='bbox 1549 3264 1697 3307; x_wconf 90' lang='lat' dir='ltr'><strong>cum</strong></span> <span class='ocrx_word' id='word_1_263' title='bbox 1744 3262 1938 3307; x_wconf 88' lang='lat' dir='ltr'><strong>sanae</strong></span> <span class='ocrx_word' id='word_1_264' title='bbox 1984 3240 2162 3325; x_wconf 90' lang='lat' dir='ltr'><strong>parti</strong></span> 
     </span>
     <span class='ocr_line' id='line_1_36' title="bbox 63 3328 2163 3416; baseline -0.001 -22"><span class='ocrx_word' id='word_1_265' title='bbox 63 3354 110 3394; x_wconf 73' lang='lat'><strong>³5</strong></span> <span class='ocrx_word' id='word_1_266' title='bbox 135 3330 426 3416; x_wconf 88' lang='lat' dir='ltr'><strong>corporis</strong></span> <span class='ocrx_word' id='word_1_267' title='bbox 453 3330 834 3415; x_wconf 84' lang='lat' dir='ltr'><strong>scalpellum</strong></span> <span class='ocrx_word' id='word_1_268' title='bbox 861 3329 1206 3395; x_wconf 88' lang='lat' dir='ltr'><strong>adhibetur</strong></span> <span class='ocrx_word' id='word_1_269' title='bbox 1225 3333 1419 3413; x_wconf 86' lang='lat' dir='ltr'><strong>atque</strong></span> <span class='ocrx_word' id='word_1_270' title='bbox 1436 3330 1758 3415; x_wconf 87' lang='lat' dir='ltr'><strong>integrae;</strong></span> <span class='ocrx_word' id='word_1_271' title='bbox 1787 3328 2163 3393; x_wconf 72' lang='lat' dir='ltr'><strong>carnificina</strong></span> 
     </span>
     <span class='ocr_line' id='line_1_37' title="bbox 137 3415 2161 3502; baseline -0.003 -17"><span class='ocrx_word' id='word_1_272' title='bbox 137 3423 237 3485; x_wconf 84' lang='lat' dir='ltr'><strong>est</strong></span> <span class='ocrx_word' id='word_1_273' title='bbox 288 3420 419 3484; x_wconf 89' lang='lat' dir='ltr'><strong>ista</strong></span> <span class='ocrx_word' id='word_1_274' title='bbox 473 3422 541 3484; x_wconf 89' lang='lat' dir='ltr'><strong>et</strong></span> <span class='ocrx_word' id='word_1_275' title='bbox 594 3418 969 3502; x_wconf 82' lang='lat' dir='ltr'><strong>crudelitas3</strong></span> <span class='ocrx_word' id='word_1_276' title='bbox 1023 3418 1082 3482; x_wconf 92' lang='lat' dir='ltr'><strong>ei</strong></span> <span class='ocrx_word' id='word_1_277' title='bbox 1137 3418 1477 3482; x_wconf 87' lang='lat' dir='ltr'><strong>medentur</strong></span> <span class='ocrx_word' id='word_1_278' title='bbox 1520 3416 1618 3481; x_wconf 90' lang='lat' dir='ltr'><strong>rei</strong></span> <span class='ocrx_word' id='word_1_279' title='bbox 1661 3415 1989 3501; x_wconf 89' lang='lat' dir='ltr'><strong>publicae,</strong></span> <span class='ocrx_word' id='word_1_280' title='bbox 2046 3437 2161 3499; x_wconf 78' lang='lat' dir='ltr'><strong>qui</strong></span> 
     </span>
     <span class='ocr_line' id='line_1_38' title="bbox 138 3502 2161 3593; baseline -0.002 -21"><span class='ocrx_word' id='word_1_281' title='bbox 138 3510 439 3573; x_wconf 84' lang='lat' dir='ltr'><strong>exsecant</strong></span> <span class='ocrx_word' id='word_1_282' title='bbox 481 3509 734 3593; x_wconf 85' lang='lat' dir='ltr'><strong>pestem</strong></span> <span class='ocrx_word' id='word_1_283' title='bbox 780 3506 1066 3590; x_wconf 89' lang='lat' dir='ltr'><strong>aliquam</strong></span> <span class='ocrx_word' id='word_1_284' title='bbox 1110 3509 1447 3589; x_wconf 89' lang='lat' dir='ltr'><strong>tamquam</strong></span> <span class='ocrx_word' id='word_1_285' title='bbox 1490 3507 1812 3569; x_wconf 87' lang='lat' dir='ltr'><strong>strumam</strong></span> <span class='ocrx_word' id='word_1_286' title='bbox 1856 3502 2161 3568; x_wconf 84' lang='lat' dir='ltr'><strong>civitatis.</strong></span> 
     </span>
    </p>
   </div>
  </div>
 </body>
</html>
