2550 3875
396 206 484 270 20
980 199 1123 256 pao
1161 200 1223 256 P.
1262 197 1511 255 sns‘no
1549 197 1835 255 omno,

394 366 658 449 quidem
712 361 969 428 defendi
1024 384 1164 427 rem
1218 361 1554 446 publicam
1609 361 1878 446 sissent3
1934 382 1977 425 a
2017 360 2285 426 tribuno
2328 360 2410 444 pl.

393 458 549 538 post
593 452 937 517 interitum
981 471 1183 515 meum
1228 449 1675 533 dissedissent,
1721 449 1834 532 qui
1880 450 2152 513 eandem
2185 448 2412 513 horam

394 562 577 606 meae
641 538 848 624 pestis
905 542 972 603 et
1027 559 1296 603 suorum
1348 537 1789 620 praemiorum
1843 558 1985 601 esse
2039 536 2409 601 voluissent.

287 598 376 662 20
395 628 616 695 Unum
666 627 891 709 [enim]
941 625 1105 691 mihi
1150 626 1446 690 restabat
1489 624 1679 708 illud,
1743 625 1918 709 quod
1961 624 2246 689 forsitan
2286 646 2412 689 non

306 688 375 737 45
391 738 585 782 nemo
657 716 759 780 vir
828 714 1023 779 fortis
1097 717 1164 779 et
1236 712 1406 777 acris
1476 712 1679 776 animi
1741 712 2092 797 magnique
2156 712 2409 777 dixerit:
2454 729 2476 770 ⁵

398 804 826 887 ‘Restitisses,
865 822 1318 887 repugnasses,
1354 804 1636 865 mortem
1670 821 1972 886 pugnans
2010 798 2409 884 oppetisses?

394 891 495 957 De
543 913 673 976 quo
720 895 806 973 te,
856 893 941 974 te,
985 890 1272 974 inquam,
1318 888 1551 972 patria,
1597 892 1810 953 testor
1855 892 1923 953 et
1967 909 2102 965 vos,
2149 892 2409 972 penates

393 979 725 1065 patriique
796 978 929 1063 dei,
1000 1000 1104 1042 me
1175 981 1542 1042 vestrarum
1605 976 1832 1041 sedum
1893 975 2411 1060 templorumque

396 1090 611 1151 causa,
655 1088 759 1131 me
794 1068 1065 1149 propter
1100 1065 1382 1131 salutem
1419 1085 1714 1129 meorum
1751 1064 2007 1148 civium,
2051 1085 2220 1147 quae
2257 1063 2410 1127 mihi

398 1177 654 1239 semper
696 1154 827 1219 fuit
872 1176 1017 1217 mea
1054 1153 1266 1218 carior
1302 1153 1458 1235 vita,
1502 1152 1989 1217 dimicationem
2027 1153 2408 1234 caedemque
2434 1170 2476 1209 ιο

395 1244 663 1329 fugisse.
744 1242 1037 1325 Etenim,
1099 1241 1158 1305 si
1214 1240 1379 1304 mihi
1432 1240 1504 1304 in
1557 1240 1779 1324 aliqua
1828 1260 1994 1305 nave
2050 1261 2204 1304 cum
2258 1240 2410 1303 meis

397 1331 626 1397 amicis
670 1328 1010 1414 naviganti
1053 1328 1207 1412 hoc,
1250 1327 1526 1411 iudices,
1571 1327 1934 1411 accidisset,
1979 1332 2056 1392 ut
2101 1328 2298 1393 multi
2341 1348 2413 1391 ex

398 1420 628 1484 multis
665 1418 829 1483 locis
865 1416 1223 1501 praedones
1261 1416 1582 1479 classibus
1620 1437 1765 1479 eam
1797 1437 2031 1480 navem
2060 1437 2130 1479 se
2162 1436 2413 1500 oppres-

399 1529 586 1571 suros
633 1505 1111 1587 minitarentur,
1155 1503 1287 1567 nisi
1332 1525 1435 1567 me
1480 1526 1684 1568 unum
1729 1503 1858 1568 sibi
1899 1503 2318 1587 dedidissent,
2361 1502 2412 1565 si

397 1595 467 1660 id
517 1598 811 1658 vectores
864 1594 1183 1676 negarent
1238 1612 1317 1655 ac
1361 1613 1618 1656 mecum
1663 1591 1859 1656 simul
1904 1592 2178 1656 interire
2227 1612 2412 1676 quam
2437 1608 2479 1649 ιε

400 1704 502 1745 me
547 1681 803 1745 tradere
847 1680 1151 1746 hostibus
1199 1679 1489 1763 mallent,
1533 1679 1834 1744 iecissem
1878 1679 2019 1764 ipse
2056 1701 2162 1743 me
2199 1680 2412 1764 potius

398 1770 469 1832 in
504 1768 917 1852 profimdum,
959 1771 1035 1831 ut
1072 1771 1324 1832 ceteros
1363 1788 1830 1851 conservarem,
1869 1788 2065 1851 quam
2102 1767 2258 1832 illos
2295 1766 2416 1832 mei

398 1860 537 1921 tam
601 1856 867 1941 cupidos
930 1877 1065 1921 non
1118 1856 1313 1919 modo
1369 1855 1452 1919 ad
1507 1858 1754 1920 certam
1809 1860 2118 1941 mortem,
2185 1856 2302 1920 sed
2352 1854 2416 1917 in

311 1964 381 2014 46
399 1966 713 2030 magnum
773 1945 948 2009 vitae
1013 1944 1363 2009 discrimen
1425 1945 1824 2010 adducerem.
1916 1943 2082 2009 Cum
2142 1966 2299 2009 vero
2350 1944 2416 2007 in

397 2035 568 2098 hanc
612 2033 710 2098 rei
754 2032 1053 2116 publicae
1097 2053 1332 2096 navem
1378 2033 1620 2115 ereptis
1669 2033 1927 2097 senatui
1962 2031 2413 2117 gubernaculis
2438 2050 2482 2090 ευ

399 2122 771 2185 fluitantem
831 2120 903 2185 in
961 2120 1097 2184 alto
1152 2121 1660 2204 tempestatibus
1716 2121 2114 2185 seditionum
2169 2143 2247 2186 ac
2302 2119 2416 2182 dis-

400 2209 768 2274 cordiarum
821 2212 1110 2272 armatae
1168 2212 1273 2272 tot
1329 2208 1600 2292 classeS,
1651 2208 1782 2273 nisi
1828 2229 1951 2294 ego
1998 2229 2214 2272 essem
2258 2228 2416 2272 unus

399 2297 673 2379 deditus,
711 2297 1086 2361 incursurae
1114 2296 1506 2379 viderentur,
1543 2318 1692 2361 cum
1724 2296 2141 2380 proscriptiO,
2179 2296 2419 2376 caedes,

400 2384 681 2469 direptio
719 2384 1228 2468 denuntiaretur,
1266 2405 1415 2448 cum
1452 2384 1566 2448 alii
1602 2406 1706 2448 me
1743 2383 2111 2468 suspicione
2150 2381 2418 2468 periculi

400 2472 504 2536 sui
554 2493 688 2536 non
741 2471 1181 2556 defenderent,
1244 2471 1359 2535 alii
1412 2476 1630 2536 vetere
1686 2472 1834 2536 odio
1889 2473 2218 2538 bonorum
2271 2470 2417 2534 inci-
2441 2487 2486 2530 25

400 2563 723 2644 tarentur,
788 2559 901 2624 alii
964 2560 1356 2643 inviderent,
1421 2560 1534 2624 alii
1595 2561 1858 2625 obstare
1915 2558 2042 2624 sibi
2096 2582 2203 2626 me
2261 2557 2422 2624 arbi-

400 2651 759 2732 trarentur,
816 2647 929 2712 alii
983 2647 1211 2712 ulcisci
1257 2647 1549 2712 dolorem
1596 2647 1882 2731 aliquem
1927 2669 2118 2712 suum
2165 2648 2421 2728 vellent,

401 2734 515 2799 alii
562 2756 700 2800 rem
744 2736 957 2818 ipsam
1000 2736 1333 2820 publicam
1375 2739 1570 2819 atque
1606 2736 1781 2801 hunc
1816 2736 2139 2801 bonorum
2177 2739 2422 2800 statum
2496 2801 2497 2804 ,

402 2823 739 2908 otiumque
806 2823 1097 2888 odissent
1160 2827 1228 2888 et
1293 2825 1376 2888 ob
1440 2823 1634 2889 hasce
1699 2838 1928 2888 ‘causas
1993 2827 2097 2887 tot
2158 2827 2420 2907 tamque

402 2911 616 2976 varias
663 2932 765 2975 me
811 2933 1016 2975 unum
1051 2912 1492 2996 deposcerent,
1538 2912 1976 2997 depugnarem
2010 2912 2238 2996 potius
2277 2931 2420 2976 cum
2444 2929 2490 2972 so

402 3020 658 3063 summo
710 3020 845 3063 non
898 2999 1111 3063 dicam
1166 2999 1396 3083 exitio,
1461 3000 1574 3064 sed
1627 3000 1918 3084 periculo
1973 3003 2150 3065 certe
2205 3003 2419 3065 vestro

400 3085 886 3170 liberorumque
924 3091 1293 3151 vestrorum
1330 3109 1526 3171 quam
1567 3089 1750 3168 [non]
1789 3088 1896 3171 id‚·
1913 3088 2088 3172 quod
2119 3088 2420 3153 omnibus

400 3173 813 3260 inpendebat,
848 3195 1016 3238 unus
1052 3196 1173 3258 pro
1213 3175 1514 3240 omnibus
1555 3176 1950 3259 susciperem
1987 3198 2062 3241 ac
2091 3174 2421 3240 subirem?

536 3260 741 3325 ‘Victi
787 3265 1005 3326 essent
1050 3261 1376 3346 improbi?
1449 3262 1542 3326 At
1590 3263 1780 3348 cives,
1825 3267 1897 3328 at
1933 3265 2014 3329 ab
2054 3285 2131 3329 eo
2162 3263 2422 3348 privato

402 3353 672 3430 armate,
737 3349 850 3431 qui
910 3349 1048 3414 sine
1104 3348 1305 3413 armis
1362 3349 1563 3414 etiam
1617 3351 1844 3416 consul
1899 3373 2038 3416 rem
2089 3351 2421 3437 publicam
2443 3369 2495 3412 ιε

404 3439 836 3500 conservarat.
930 3433 1047 3500 Sin
1090 3436 1249 3499 victi
1297 3441 1515 3501 essent
1559 3438 1742 3524 boni,
1804 3439 1916 3524 qui
1963 3439 2422 3523 superessent?

401 3541 613 3585 nonne
652 3521 733 3586 ad
766 3544 987 3588 servos
1016 3522 1251 3588 videtis
1282 3546 1421 3588 rem
1446 3525 1778 3610 publicam
1806 3531 2150 3594 venturam
2175 3526 2422 3593 fuisse?

294 3235 378 3299 21

312 3323 380 3374 4⁷
