2550 3875
805 171 960 227 CAP.
1003 179 1210 227 12-14
1245 180 1278 240 s
1316 180 1544 229 29—83.
2083 173 2218 238 215

308 331 533 397 Pater
576 332 773 417 vero',
819 333 1056 418 inquit,
1103 333 1328 400 ‘etiam
1376 336 1603 400 obesse
1648 335 1787 400 filio
1836 333 2072 400 debet?
2158 334 2213 401 Ο
2238 336 2323 400 13

165 442 401 487 vocem
449 421 681 486 duram
727 425 927 505 atque
973 422 1313 509 indignam
1358 427 1477 488 tua
1510 423 1863 507 probitate,
1909 422 2217 488 Lateren-

169 511 294 574 sis!
395 508 596 574 Pater
649 512 726 574 ut
782 510 854 573 ιιι
907 510 1147 575 iudicio
1205 511 1471 595 capitis,
1532 516 1723 596 pater
1777 515 1853 576 ut
1906 511 1978 576 in
2030 511 2217 575 dimi-

171 597 431 662 catione
485 597 928 681 fortunarum,
980 602 1172 682 pater
1215 602 1293 662 ut
1340 600 1511 684 apud
1556 599 1712 664 talis
1756 599 1933 664 viros
1982 598 2215 663 obesse

107 711 140 750 5
169 685 313 751 filio
353 685 632 750 debeat?
676 685 790 769 qui
827 686 885 750 si
921 689 1096 751 esset
1132 687 1576 770 turpissimae,
1612 687 1671 752 si
1708 686 2217 771 sordidissimae,

170 777 400 838 tamen
426 774 572 856 ipso
598 775 863 838 nomine
891 775 1110 858 patrio
1137 775 1389 839 valeret
1416 776 1589 859 apud
1608 775 1949 840 clementis
1970 774 2215 840 iudices

171 866 242 927 et
289 861 770 947 misericordcs3
814 863 1081 946 valeret,
1126 863 1415 946 inquam,
1462 863 1793 928 communi
1840 883 2037 928 sensu
2083 883 2217 928 om·

167 949 358 1014 nium
401 953 473 1014 et
517 949 895 1014 dulcissima
939 950 1503 1016 commendatione
1538 955 1831 1029 naturae.
1899 949 2026 1016 Sed
2064 973 2213 1016 cum
2236 963 2303 1012 32

171 1039 266 1102 sit
313 1035 428 1103 Cn.
474 1037 780 1102 Plancius
826 1039 888 1103 is
931 1059 1128 1122 eques
1175 1038 1533 1123 Romanus,
1579 1061 1657 1104 ea
1700 1039 1988 1122 primum
2035 1043 2216 1104 vetu-

84 1153 140 1192 ιο
171 1129 350 1190 state
396 1126 719 1209 equestris
763 1126 1068 1210 nominis,
1113 1131 1190 1191 ut
1225 1131 1433 1212 pater,
1480 1132 1557 1191 ut
1594 1147 1773 1211 avus,
1817 1131 1895 1190 ut
1929 1127 2216 1191 maiores

171 1214 315 1280 eius
400 1235 625 1278 omnes
700 1213 954 1298 equites
1027 1213 1311 1279 Romani
1387 1215 1660 1299 fuerint,
1742 1235 2074 1280 summum
2144 1215 2217 1280 ιιι

170 1301 589 1386 praefectura
632 1301 1102 1367 florentissima
1147 1303 1425 1388 gradum
1462 1299 1795 1368 tenuerint
1832 1307 1903 1367 et
1938 1303 2217 1388 dignita—

171 1391 266 1455 tis
311 1392 382 1454 et
426 1389 700 1475 gratiae,
745 1390 974 1455 deinde
1019 1394 1097 1455 ut
1142 1391 1284 1475 ipse
1330 1391 1402 1456 in
1444 1391 1817 1478 legionibus
1864 1390 1937 1454 P.
1992 1389 2217 1456 Crassi

171 1477 594 1562 imperatoris
649 1479 824 1542 inter
879 1478 1337 1544 ornatissimos
1389 1479 1717 1564 homines,
1778 1479 2033 1563 equites
2088 1477 2219 1544 Ro-

85 1594 141 1634 15
173 1586 434 1649 manos,
489 1587 744 1630 summo
801 1560 1145 1651 splendore
1201 1567 1429 1652 fucrit,
1490 1571 1569 1633 ut
1622 1571 1857 1652 postea
1908 1567 2215 1652 princeps

169 1655 350 1719 inter
403 1675 558 1719 suos
611 1655 1044 1738 plurimarum
1095 1675 1315 1723 rerum
1370 1655 1825 1721 sanctissimus
1880 1658 1952 1720 et
1996 1655 2218 1720 iustis-

171 1742 382 1807 simus
445 1742 666 1828 iude1‚
737 1744 1171 1808 maximarum
1233 1744 1628 1810 societatum
1691 1748 1949 1826 auctor,
2017 1741 2218 1828 'pluri-

171 1851 433 1896 marum
487 1832 834 1916 magister:
889 1832 947 1897 si
1001 1854 1136 1897 non
1190 1833 1385 1898 modo
1440 1832 1511 1898 in
1566 1854 1643 1897 eo
1688 1831 1857 1897 nihil
1900 1851 2219 1916 umquam

172 1919 670 2004 reprehensum,
753 1920 868 1985 sed
946 1920 1215 1986 laudata
1298 1925 1452 1987 sunt
1532 1921 1781 2006 omnia,
1861 1924 2089 1985 tamen
2156 1919 2217 1985 is

84 2037 146 2077 ρο
174 2008 394 2073 oberit
446 2007 914 2075 honestissimo
967 2010 1109 2074 filio
1162 2013 1379 2094 pater,
1434 2010 1549 2094 qui
1600 2010 1706 2075 vel
1761 2009 1977 2074 minus
2022 2008 2218 2073 hone-

173 2100 356 2161 stum
411 2099 478 2160 et
534 2096 820 2162 alienum
873 2098 1045 2162 tueri
1089 2099 1193 2163 vel
1240 2098 1638 2164 auctoritate
1685 2117 1805 2163 sua
1848 2097 1954 2162 vel
1999 2096 2219 2183 gratia

300 2184 436 2248 sit?

170 2206 703 2358 poseAsperius'‚
754 2273 1000 2357 inquit,
1046 2272 1329 2339 ‘locutus
1376 2278 1480 2339 est
1524 2274 1775 2358 aliquid
1820 2270 2215 2357 aliquando?
2236 2280 2307 2329 33

174 2359 394 2425 Immo
441 2360 726 2425 fortasse
781 2360 1070 2426 liberius.
1163 2362 1278 2427 ‘At
1323 2362 1393 2427 id
1436 2362 1676 2446 ipsum'
1688 2414 1705 2446 ,
1759 2362 2003 2445 inquit,
2061 2361 2217 2426 ‘non

81 2475 142 2515 25
174 2452 282 2513 est
305 2448 688 2513 ferendum?
751 2448 934 2535 Ergo
971 2449 1022 2513 ii
1048 2449 1300 2515 ferendi
1328 2454 1502 2535 sunt,
1539 2451 1653 2534 qui
1680 2450 1806 2515 hoc
1838 2454 2217 2535 queruntur,

171 2536 553 2601 libertatem
581 2536 824 2621 equitis
851 2536 1136 2602 Romani
1163 2560 1234 2603 se
1260 2537 1431 2602 ferre
1457 2559 1592 2603 non
1618 2539 1859 2622 posse?
1924 2536 2216 2603 Ubinam

169 2624 286 2689 ille
351 2646 524 2710 mos,
593 2625 712 2689 ubi
773 2625 892 2689 illa
955 2626 1252 2710 aequitas
1318 2626 1479 2691 iuris
1491 2677 1509 2710 ,
1580 2627 1695 2690 ubi
1759 2627 1876 2690 illa
1940 2626 2217 2709 antiqua

170 2713 478 2797 libertas,
533 2733 698 2798 quae
755 2713 948 2778 malis
1003 2734 1317 2799 oppressa
1370 2714 1673 2779 civilibus
1720 2714 2035 2779 extollere
2080 2714 2217 2777 iam

173 2804 376 2885 caput
458 2804 527 2865 et
607 2801 958 2886 aliquando
1041 2806 1337 2867 recreata
1418 2823 1488 2867 se
1561 2803 1814 2888 erigere
1886 2801 2216 2865 debebat?

83 2916 144 2957 so
170 2888 497 2972 Equitum
561 2910 684 2975 ego
750 2890 1199 2955 Romanorum
1261 2890 1334 2954 ιιι
1394 2890 1696 2957 homines
1761 2888 2215 2956 nobilissimos

171 2976 543 3061 maledicta,
579 2978 1133 3061 publicanorum
1113 3001 1186 3043 m
1215 2976 1291 3054 Q.
1319 2976 1722 3062 Scaevolam,
1757 2978 1974 3043 virum
2012 2976 2217 3042 omni-

170 3066 298 3131 bus
344 3064 637 3150 ingenim,
689 3066 976 3151 iustitia,
1021 3067 1409 3151 integritate
1454 3029 1931 3151 praestslntem,
1986 3085 2215 3148 aspere

171 3157 243 3219 et
323 3116 637 3218 ferociter
713 3158 782 3219 et
852 3155 1056 3220 libere
1129 3156 1307 3220 dicta
1380 3154 1929 3221 commemorem?
2050 3151 2215 3218 Con·
2242 3148 2327 3211 14

171 3240 306 3307 suli
359 3240 434 3305 P.
489 3240 772 3307 Nasicae
815 3264 1052 3328 praeco
1101 3242 1387 3309 Granius
1442 3244 1657 3308 medio
1710 3243 1784 3306 in
1836 3242 2011 3326 for0‚
2065 3259 2217 3307 cum

83 3352 142 3395 εει
167 3328 286 3393 ille
361 3328 578 3395 edicto
650 3330 908 3395 iustitio
973 3330 1240 3395 domum
1312 3331 1627 3397 decedens
1690 3333 1994 3416 rogasset
2058 3328 2219 3394 Gra-

166 3417 386 3501 nium,
443 3418 600 3502 quid
653 3418 871 3483 tristis
926 3423 1128 3503 esset3
1181 3440 1268 3483 an
1322 3419 1497 3503 quod
1550 3418 1833 3483 reiectae
1880 3419 2217 3483 auctiones

169 3508 426 3570 essent:
473 3504 712 3570 ‘Immo
757 3504 958 3591 vero',
1001 3506 1238 3590 inquit,
1286 3505 1485 3590 ‘quod
1530 3505 1940 3591 legationes?
2031 3505 2221 3572 Idem
