2550 3875
860 817 958 890 Μ.
1017 817 1308 890 TULLI
1363 814 1863 890 CICERONIS

345 999 459 1084 IN
520 999 612 1085 L.
678 997 1372 1084 CALPURNIUM
1432 994 1896 1082 PISONEM
1959 993 2372 1080 ORATIO.

642 1309 1217 1370 ARGUMENTUM
1262 1309 1332 1381 Q.
1379 1307 1676 1370 ASCONI
1717 1308 2074 1370 PEDIANI.

489 1443 647 1498 Haec
684 1443 867 1498 oratio
905 1441 1061 1495 dicta
1096 1443 1185 1496 est
1220 1440 1318 1496 Cn.
1341 1440 1611 1511 Pompeio
1639 1441 1849 1508 Magno
1886 1440 1940 1494 ΙΙ
1975 1440 2051 1495 Μ.
2082 1440 2284 1496 Crasso
2320 1440 2377 1495 11

348 1531 492 1638 poss.
536 1515 612 1584 [a.
640 1531 771 1594 u.·c.
804 1513 932 1583 699]
974 1514 1106 1566 ante
1132 1528 1344 1582 paucos
1373 1511 1511 1579 dies,
1549 1527 1728 1593 quarn
1751 1510 1854 1593 Cn..
1878 1510 2180 1593 Pompeius
2207 1511 2374 1594 ludos

376 1585 579 1666 aceret,
616 1583 823 1664 qmbus
859 1583 1151 1665 theatrum
1183 1600 1220 1637 a
1255 1599 1317 1636 se
1352 1582 1572 1637 factum
1600 1581 1901 1664 dedicavit.
1963 1581 2086 1664 Hpc
2111 1582 2375 1664 intellegi

350 1653 1210 1795 {51332322103355'2'31¹⁸033³f'3i2
1220 1655 1427 1777 3305}
1439 1669 1610 1793 ἓξὲξ
1621 1669 1708 1776 ἐξ
1716 1650 1853 1775 ἒῗὲ
1861 1654 2150 1776 ἕέἓοέἑ
2160 1655 2375 1777 ξὲῗὲἒξί

352 1793 877 1864 apparatissimi
912 1792 1743 1863 magnificentissimique
1779 1792 1977 1847 ludil’
2053 1792 2376 1847 Fenestella

352 1864 580 1934 quidem
624 1865 818 1934 posuit
860 1864 1009 1919 hanc
1045 1864 1196 1918 inter
1228 1879 1328 1918 eas
1365 1865 1675 1930 orationes,
1722 1880 1862 1932 quas
1900 1862 2048 1917 dixit
2084 1861 2277 1918 Cicero
2313 1863 2372 1918 L.

350 1934 603 1991 Domitio
650 1934 837 2006 Appio
884 1934 1124 1991 Claudio
1180 1952 1350 2001 coss.,
1402 1934 1679 1990 ultimam.
1765 1933 1877 1989 Sed
1921 1935 1989 1989 ut
2033 1951 2138 2003 ego
2185 1934 2260 1988 ab
2306 1950 2374 1989 eo

352 2006 701 2074 dissentiam,
738 2005 881 2060 facit
913 2005 1176 2076 primum,
1215 2006 1367 2075 quod
1393 2005 1524 2061 Piso
1560 2021 1816 2061 reversus
1855 2008 1944 2060 est
1979 2023 2048 2061 ex
2080 2004 2377 2074 provincia

350 2077 619 2147 Pompeio
667 2079 726 2130 et
769 2076 970 2131 Crasso
1018 2094 1186 2145 coss.,
1248 2076 1522 2131 Gabinius
1566 2075 1817 2131 Domitio
1865 2076 1924 2129 et
1967 2075 2180 2145 Appi0,
2227 2076 2376 2131 hanc

354 2150 546 2201 autem
593 2147 905 2202 orationem
952 2146 1164 2201 dictam
1212 2149 1346 2202 ante
1385 2146 1593 2201 Gabini
1636 2146 1884 2201 reditum
1929 2163 1998 2201 ex
2033 2145 2160 2214 ipsa
2194 2146 2374 2200 mani·

350 2217 563 2272 festum
599 2220 702 2272 est.
766 2216 986 2272 Deinde
1022 2217 1207 2286 magis
1235 2234 1460 2285 quoque
1483 2216 1745 2272 naturale
1773 2218 1876 2284 est,
1913 2219 1979 2271 ut
2002 2215 2134 2271 Piso
2161 2216 2378 2271 recenti

351 2288 543 2343 reditu
593 2288 849 2343 invectus
904 2288 984 2342 sit
1024 2287 1089 2342 in
1136 2287 1461 2343 Ciceronem
1503 2288 1967 2357 responderitque
2013 2286 2378 2342 insectationi

351 2358 1175 2499 ἰὲἳῗᾰωωὶξζέῗὲῗὶἓέἒὲ
1192 2358 1587 2484 essm?
1596 2358 2000 2499 ’.4233200111333
2021 2356 2378 2483 333?an

354 2516 587 2566 summa,
626 2516 754 2553 cum
790 2499 949 2554 dicat
980 2498 1044 2553 in
1078 2498 1207 2570 ipsa
1244 2499 1501 2554 oratione
1538 2497 1731 2554 Cicero
1769 2500 1982 2553 instare
2016 2496 2393 2567 magnificen·'

351 2569 601 2624 tissimos
646 2569 1225 2639 apparatissimosque
1273 2570 1466 2636 ludos,
1512 2587 1628 2625 non
1673 2570 1865 2637 video,
1915 2584 2027 2638 quo
2062 2569 2232 2623 modo
2268 2568 2378 2624 hoc

351 2640 537 2709 magis
574 2640 823 2694 Domitio
875 2643 934 2695 et
967 2640 1155 2710 Appio
1201 2656 1344 2695 coss.
1391 2641 1605 2694 dictum
1651 2639 1754 2707 sit,
1800 2639 2007 2721 quibus
2053 2639 2379 2695 consulibus

352 2710 500 2764 nulli
533 2710 901 2765 notabiliores
937 2710 1062 2765 ludi
1096 2710 1350 2778 fuerunt,
1389 2728 1561 2780 quam
1594 2709 1863 2780 Pompe1o
1902 2712 1962 2765 et
1997 2710 2200 2765 Crasso
2213 2753 2227 2778 ,
2265 2726 2380 2778 quo

355 2797 503 2835 anno
565 2779 866 2850 Pompeius
937 2779 1394 2849 exquisitissimis
1454 2778 2143 2850 magnificentissimisque
2197 2772 2381 2835 omnis

353 2850 577 2922 generis
604 2851 755 2905 ludis
782 2852 1070 2905 theatrum
1107 2850 1409 2905 dedicavit.

494 2923 905 2991 Argumentum
952 2920 1117 2975 huius
1165 2921 1437 2976 orationis
1481 2921 1652 2976 breve
1699 2920 2004 2975 admodum
2051 2922 2155 2975 est.
2233 2920 2381 2977 Nam

356 3008 483 3046 cum
528 2991 784 3047 revocati
829 2994 1022 3046 essent
1066 3008 1133 3045 ex
1208 2991 1476 3047 rovinciis
1512 2991 1643 3046 Piso
1681 2994 1740 3045 et
1778 2990 2056 3046 Gabinius
2095 2992 2380 3045 sententia

355 3060 660 3129 Ciceronis,
697 3078 867 3130 quam
904 3060 1125 3115 dixerat
1201 3078 1232 3115 e
1265 3061 1576 3131 provinciis
1613 3060 2004 3117 consularibus
2039 3061 2282 3116 Lentulo
2321 3064 2383 3117 et

354 3132 620 3201 Philippo
685 3149 851 3199 coss„
916 3147 1171 3186 reversus
1229 3131 1292 3185 in
1347 3131 1637 3186 civitatem
1692 3131 1824 3186 Piso
1881 3131 1951 3186 de
2001 3132 2380 3187 insectatione

355 3200 641 3256 Ciceronis
688 3202 751 3256 in
786 3203 988 3255 senatu
1024 3204 1362 3269 conquestus
1400 3204 1489 3256 est
1524 3204 1583 3257 et
1617 3201 1680 3255 in
1716 3218 1846 3255 eum
1881 3203 2135 3256 invectus
2171 3202 2383 3256 fiducia

352 3271 597 3325 maxime
643 3272 898 3327 Caesaris
946 3271 1163 3341 generi,
1210 3271 1313 3339 qui
1356 3275 1479 3326 tum
1526 3272 1741 3326 Gallias
1789 3272 2101 3329 obtinebat.
2184 3272 2385 3328 Pisoni

355 3341 551 3397 Cicero
588 3342 884 3413 respondit
916 3341 1025 3397 hac
1060 3339 1334 3397 oratione.
