2550 3875
398 151 489 216 60
980 148 1124 204 PRO
1162 148 1221 205 P.
1262 148 1508 205 SESTIO
1547 148 1832 205 ORATIO.

280 332 382 382 136
510 311 663 377 ,Sed
708 314 785 377 ut
829 315 1189 377 extremum
1231 312 1472 377 habeat
1508 311 1754 394 aliquid
1791 310 2001 379 oratio
2039 332 2200 393 mea,
2245 314 2308 374 et
2340 314 2406 373 ut

402 421 526 485 ego
592 402 742 463 ante
808 400 1061 465 dicendi
1123 400 1320 465 finem
1381 398 1619 463 faciam
1682 420 1878 482 quam
1931 418 2047 462 vos
2103 398 2231 463 mei
2280 401 2404 463 tam

402 491 649 554 attente
664 487 997 587 audiendi,
1026 488 1406 552 concludam
1431 486 1596 587 illud
1621 487 1698 551 de
1729 486 2156 587 optimatibus
2175 508 2404 551 eorum-

401 576 983 747 3331012332‘25521'022
1024 597 1137 747 ἔξει
1164 573 2143 745 ῗὲιοῖὶὲἓῖῗὲε,ᾶὲἓθῗίἕῖἓ,ἲὲῗη
2157 595 2405 726 ῑέἒῖἓξί
2453 678 2473 717 2

400 772 547 815 rum
600 750 1034 816 imitationem
1089 751 1414 835 excitabo,
1470 754 1538 815 et
1591 750 1704 834 qui
1748 749 2012 835 ingenio
2059 772 2134 815 ac
2178 749 2408 814 virtute

398 838 814 904 nobilitatem
866 839 1143 923 potentis
1199 838 1534 921 consequi,
1597 838 1679 902 ad
1743 860 1886 903 eam
1941 838 2286 921 rationem,
2347 839 2412 901 in

403 949 533 1011 qua
568 927 761 991 multi
795 927 1093 993 homines
1127 927 1282 992 novi
1319 929 1386 992 et
1419 926 1665 991 honore
1703 929 1770 991 et
1807 926 2019 1011 gloria
2043 926 2411 1008 floruerunt,
2522 952 2523 1011 ff

280 1026 381 1075 137
404 1014 812 1080 cohortabor.
901 1014 1083 1079 Haec
1129 1019 1229 1081 est
1270 1037 1402 1079 una
1437 1015 1560 1099 via,
1605 1013 1768 1079 mihi
1805 1013 2064 1097 credite,
2111 1018 2180 1078 et
2212 1014 2414 1078 laudis

400 1106 471 1167 et
523 1103 864 1188 dignitatis
919 1107 987 1167 et
1028 1103 1322 1187 honoris,
1379 1125 1418 1167 a
1463 1102 1652 1168 bonis
1698 1102 1858 1167 viris
1903 1102 2307 1186 sapientibus
2352 1106 2413 1165 et
2439 1128 2484 1165 ιο
2522 1130 2523 1173 3

400 1192 563 1255 bene
628 1195 863 1255 natura
929 1191 1303 1257 constitutis
1366 1192 1618 1255 laudari
1681 1194 1749 1255 et
1809 1191 2023 1276 diligi,
2085 1212 2280 1255 nosse
2333 1191 2416 1253 di-

401 1278 825 1363 scriptionem
870 1279 1153 1344 civitatis
1200 1302 1239 1343 a
1273 1279 1628 1345 maioribus
1663 1279 1907 1345 nostris
1945 1278 2416 1363 sapientissime

402 1367 843 1450 constitutam,
890 1367 1001 1449 qui
1046 1388 1194 1431 cum
1239 1387 1468 1452 regum
1503 1370 1896 1451 potestatem
1928 1388 2064 1431 non
2097 1367 2419 1449 tulissent,

401 1455 497 1519 ita
541 1456 968 1540 magistratus
1014 1476 1261 1519 annuos
1309 1459 1704 1538 creaverunt,
1748 1459 1825 1520 ut
1861 1454 2209 1521 consilium
2244 1476 2420 1521 sena-
2522 1470 2523 1473 ’

400 1547 509 1607 tus
554 1543 649 1607 rei
693 1543 993 1626 publicae
1030 1546 1506 1626 praeponerent
1541 1542 2023 1626 sempiternum,
2069 1544 2419 1628 deligeren-
2445 1566 2490 1605 15

401 1635 511 1695 tur
548 1634 767 1695 autem
802 1630 869 1695 in
898 1630 966 1695 id
994 1630 1340 1695 consilium
1367 1631 1449 1694 ab
1477 1631 1777 1696 universo
1805 1630 2050 1715 populo
2080 1631 2421 1716 aditusque

402 1717 473 1781 in
514 1718 703 1783 illum
749 1739 1075 1785 summum
1120 1718 1410 1783 ordinem
1457 1719 1746 1783 omnium
1791 1717 2029 1783 civium
2063 1720 2422 1783 industriae

404 1826 479 1869 ac
541 1805 771 1870 virtuti
828 1802 1097 1890 pateret.
1200 1804 1512 1871 Senatum
1563 1807 1659 1870 rei
1713 1806 2012 1891 publicae
2069 1808 2426 1890 custodem,

402 1893 782 1978 praesidem,
812 1897 1366 1980 propugnatorem
1393 1895 1917 1979 conlocaverunt3
1951 1894 2146 1960 huius
2178 1896 2426 1962 ordinis

404 1982 792 2046 auctoritate
838 1983 937 2047 uti
983 1984 1408 2067 magistratus
1453 1987 1522 2050 et
1564 1984 1750 2067 quasi
1794 1983 2130 2049 ministros
2179 1986 2426 2070 gravis-
2451 2008 2496 2046 20

406 2070 558 2134 simi
578 2070 834 2134 consilii
858 2092 997 2136 esse
1017 2072 1390 2156 voluerunt3
1419 2076 1716 2136 senatum
1734 2075 1952 2136 autem
1973 2073 2194 2156 ipsum
2212 2073 2430 2157 proxi-

406 2178 663 2223 morum
714 2159 1013 2224 ordinum
1056 2159 1466 2243 splendorem
1513 2161 1920 2242 confirmare,
1973 2160 2188 2244 plebis
2233 2161 2430 2225 liber-

290 2219 375 2283 66
403 2249 611 2311 tatem
645 2249 713 2310 et
750 2248 1087 2327 commoda
1120 2248 1292 2312 tueri
1330 2251 1525 2331 atque
1553 2269 1790 2333 augere
1816 2247 2179 2314 voluerunt.
2243 2248 2432 2312 Haec

284 2309 383 2357 138
405 2333 518 2416 qui
561 2355 681 2417 pro
730 2334 903 2398 virili
947 2338 1133 2420 parte
1178 2335 1548 2419 defendunt,
1593 2339 1961 2420 optumates
1999 2340 2172 2420 sunt,
2219 2338 2430 2401 cuius-

404 2442 679 2504 cumque
726 2425 881 2487 sunt
926 2423 1198 2506 ordinis3
1244 2424 1358 2507 qui
1405 2427 1623 2487 autem
1665 2424 2010 2508 praecipue
2049 2425 2187 2488 suis
2227 2425 2431 2489 cervi-
2456 2446 2502 2486 ss

404 2510 587 2574 cibus
642 2513 829 2574 tanta
882 2511 1103 2575 munia
1149 2514 1343 2593 atque
1389 2533 1528 2576 rem
1569 2511 1902 2595 publicam
1947 2512 2308 2596 sustinent,
2361 2513 2434 2576 hi

403 2618 659 2681 semper
703 2597 915 2662 habiti
961 2601 1114 2663 sunt
1159 2600 1594 2682 optumatium
1638 2599 1964 2683 principes
2011 2604 2320 2665 auctores
2369 2605 2438 2664 et

378 2689 889 2753 conservatores
938 2685 1239 2750 civitatis
1329 2686 1502 2751 Huic
1545 2687 1886 2752 hominum
1930 2689 2157 2772 generi
2194 2688 2436 2771 fateor,

398 2777 477 2837 ut
514 2777 667 2838 ante
704 2773 853 2857 dixi,
890 2774 1132 2838 multos
1170 2775 1593 2858 adversarios,
1626 2774 1943 2860 inimicos,
1978 2776 2236 2841 invidos
2269 2797 2438 2858 esse,

402 2862 611 2927 multa
645 2862 924 2946 proponi
958 2862 1263 2946 pericula,
1300 2863 1540 2928 multas
1567 2862 1794 2926 inferri
1821 2863 2111 2947 iniurias,
2147 2886 2438 2950 magnos
2462 2885 2512 2926 so

402 2970 543 3014 esse
580 2949 1010 3034 experiundos
1048 2954 1115 3015 et
1151 2951 1520 3016 subeundos
1555 2950 1840 3034 labores3
1877 2951 1991 3016 sed
2017 2951 2186 3017 mihi
2213 2954 2438 3020 omnis

404 3037 613 3102 oratio
662 3040 765 3102 est
810 3059 955 3102 cum
1001 3038 1270 3122 virtute,
1323 3061 1456 3104 non
1503 3060 1651 3104 cum
1696 3038 1967 3124 desidia,
2023 3061 2174 3106 cum
2219 3041 2442 3126 digni-

402 3128 567 3207 tate,
610 3146 746 3189 non
792 3146 937 3193 cum
982 3126 1336 3212 voluptate,
1382 3148 1530 3192 cum
1573 3127 1674 3210 iis,
1721 3127 1834 3210 qui
1878 3149 1948 3192 se
1992 3129 2272 3212 patriae,
2323 3128 2446 3212 qui

404 3212 543 3279 suis
596 3212 876 3296 civibus,
932 3214 1043 3296 qui
1096 3214 1300 3297 laudi,
1356 3215 1468 3298 (1111
1523 3214 1800 3300 gloriae,
1851 3237 1988 3280 non
2031 3215 2148 3299 qui
2195 3239 2442 3281 somno
2522 3237 2523 3298 3

404 3301 483 3367 et,
526 3299 841 3364 conviviis
898 3304 965 3365 et
1019 3301 1434 3367 delectationi
1484 3305 1676 3367 natos
1724 3303 2140 3368 arbitrantur.
2235 3303 2445 3386 Nam,
2469 3303 2523 3364 ³⁵³

404 3385 467 3450 si
509 3386 621 3468 qui
666 3387 1111 3469 voluptatibus
1157 3389 1480 3454 ducuntur
1526 3394 1592 3454 et
1627 3411 1696 3456 se
1733 3391 2042 3456 vitiorum
2075 3391 2446 3470 inlecebris
2522 3445 2523 3448 ,

405 3472 473 3533 εὴ
527 3472 981 3555 cupiditatium
1034 3475 1378 3542 lenociniis
1429 3478 1835 3564 dediderunt,
1888 3480 2122 3546 missos
2182 3479 2448 3546 faciant
