2550 3875
322 166 407 231 88
885 163 1028 219 PRO
1063 163 1140 221 M.
1179 161 1439 218 CAELIO
1479 159 1769 218 ORATIO.

261 328 300 392 7
450 327 680 412 ltaque
751 347 794 390 a
861 324 1226 391 maledictis
1298 324 1650 410 pudicitiae
1722 322 1805 387 ad
1868 320 2339 388 coniurationis

230 417 304 467 15
322 415 634 481 invidiam
698 414 907 479 oratio
963 416 1065 478 es't
1116 416 1336 478 vestra
1384 411 1667 496 delapsa.
1765 410 2089 476 Posuistis
2144 409 2337 494 enim,

323 507 517 588 atque
569 502 639 568 id
691 506 910 567 tamen
962 500 1326 565 titubanter
1378 504 1445 566 et
1497 499 1805 582 strictim,
1869 498 2339 564 coniurationis

321 592 496 657 hunc
555 592 824 674 propter
886 588 1242 653 amicitiam
1296 587 1617 654 Catilinae
1671 586 2057 672 participem
2108 586 2340 670 fuisse3

323 681 395 745 in
439 700 565 763 quo
600 699 735 743 non
768 677 963 742 modo
1001 677 1246 742 crimen
1277 698 1413 741 non
1445 675 1773 759 haerebat,
1818 674 1932 740 sed
1964 675 2077 740 vix
2110 637 2341 739 diserti
2384 688 2422 731 ⁴⁵

326 765 757 832 adulescentis
793 764 1184 830 cohaerebat
1221 765 1450 829 oratio.
1524 762 1653 840 Qui
1687 763 1862 829 enim
1896 766 2119 828 tantus
2154 763 2341 828 furor

324 855 395 921 in
449 854 699 938 Caelio,
761 853 933 955 quod
994 856 1252 918 tantum
1316 855 1429 917 aut
1488 852 1561 918 in
1620 851 1915 917 moribus
1976 855 2335 936 naturaque

323 943 556 1008 volnus
612 946 726 1007 aut
777 941 849 1005 in
900 961 970 1004 re
1025 945 1218 1026 atque
1273 939 1581 1005 fortuna?
1634 940 1749 1005 ubi
1803 939 2077 1025 denique
2124 943 2225 1004 est
2266 939 2339 1003 in

323 1032 454 1097 ista
489 1029 855 1114 suspicione
893 1026 1072 1095 Caeli
1107 1050 1347 1093 nomen
1382 1028 1719 1093 auditum?
1798 1025 2094 1092 Nimium
2128 1027 2338 1093 multa

325 1120 403 1184 de
466 1141 536 1184 re
597 1118 863 1182 minime
926 1116 1125 1182 dubia
1175 1116 1436 1200 loquor3
1496 1115 1623 1181 hoc
1676 1119 1898 1180 tamen
1949 1115 2120 1181 dico.
2183 1113 2337 1180 Non
2365 1128 2425 1169 10

325 1207 517 1273 modo
573 1207 632 1272 si
687 1206 900 1271 socius
955 1204 1449 1288 coniurationis,
1503 1203 1617 1268 scd
1668 1203 1799 1268 nisi
1848 1203 2337 1268 inimicissimus

323 1296 517 1360 istius
580 1293 843 1359 sceleris
903 1291 1162 1377 fuisset,
1220 1313 1575 1377 numquam
1640 1291 2103 1356 coniurationis
2158 1313 2338 1357 accu-

327 1383 577 1448 satione
632 1381 1136 1446 adulescentiam
1188 1401 1376 1445 suam
1428 1380 1845 1463 potissimum
1891 1380 2336 1445 commendare

239 1482 307 1531 16
327 1471 658 1536 voluisset.
750 1468 937 1545 Quod
989 1468 1165 1533 haud
1217 1468 1353 1533 scio
1410 1489 1493 1532 an
1548 1467 1624 1531 de
1679 1468 1930 1532 ambitu
1984 1470 2051 1531 et
2095 1467 2173 1532 de
2219 1467 2338 1532 cri-

326 1558 612 1623 minibus
664 1557 812 1621 istis
866 1555 1186 1620 sodalium
1229 1578 1306 1621 ac
1351 1555 1806 1640 sequestrium,
1861 1555 2166 1641 quoniam
2208 1554 2339 1620 huc
2368 1567 2425 1610 1⁶

326 1645 544 1728 incidi,
579 1644 881 1709 similiter
916 1643 1430 1727 respondendum
1463 1648 1703 1727 putem.
1766 1641 2139 1728 Numquam
2166 1644 2341 1708 enim

325 1737 465 1798 tam
511 1731 770 1798 Caelius
815 1752 1036 1796 amens
1080 1730 1333 1815 fuisset,
1376 1734 1469 1814 ut,
1515 1731 1572 1796 si
1618 1751 1687 1796 se
1730 1731 1862 1797 isto
1906 1731 2161 1796 infinito
2210 1753 2341 1796 am-

327 1821 472 1886 bitu
508 1820 1057 1903 commaculasset,
1102 1819 1386 1884 ambitus
1424 1819 1702 1883 alterum
1740 1822 2089 1901 accusaret,
2131 1841 2341 1904 neque
2467 1882 2471 1886 .

329 1910 468 1975 eius
512 1907 672 1974 facti
715 1907 787 1972 in
830 1907 1035 1973 altero
1082 1907 1517 1992 suspicionem
1563 1910 1926 2010 quaereret,
1971 1907 2152 1973 cuius
2196 1908 2339 1992 ipse

328 1998 456 2063 sibi
500 2000 880 2081 perpetuam
936 1996 1270 2061 licentiam
1336 1999 1621 2080 optaret,
1681 2018 1828 2081 nec,
1872 1996 1931 2061 si
1966 1996 2095 2061 sibi
2140 1996 2339 2061 semel
2369 2010 2428 2049 2⁰

327 2085 688 2171 periculum
741 2083 1026 2149 ambitus
1081 2083 1485 2151 subeundum
1536 2087 1822 2168 putaret,
1875 2084 2015 2168 ipse
2062 2084 2341 2148 alterum

327 2174 568 2239 iterum
613 2172 897 2237 ambitus
942 2172 1209 2237 crimine
1256 2176 1626 2236 arcesseret.
1716 2170 1902 2248 Quod
1949 2193 2343 2256 quamquam

327 2283 446 2327 nec
493 2260 819 2344 sapienter
863 2263 929 2324 et
973 2281 1075 2324 me
1121 2260 1331 2324 invito
1375 2258 1553 2343 facit,
1595 2263 1817 2324 tamen
1852 2264 1955 2324 est
1988 2260 2127 2325 eius
2163 2260 2343 2324 modi

333 2348 655 2433 [cupidus]
661 2398 678 2431 ‚
712 2351 789 2413 ut
812 2347 1024 2432 magis
1050 2347 1357 2412 insectari
1384 2347 1654 2413 alterius
1680 2348 2118 2413 innocentiam
2145 2369 2341 2432 quam

329 2438 407 2503 de
453 2456 522 2501 se
567 2436 792 2501 timide
838 2436 1127 2521 cogitare
1171 2436 1483 2501 videatur.
2369 2449 2425 2490 2⁵

241 2534 309 2583 1⁷
461 2522 634 2588 Nam
698 2524 871 2609 quod
934 2544 1042 2588 aes
1108 2523 1393 2588 alienum
1455 2522 1781 2588 obiectum
1844 2525 1970 2608 est,
2042 2526 2341 2607 sumptus

329 2634 443 2696 rep
445 2611 702 2676 rehens1
709 2661 728 2695 ,
799 2610 1061 2675 tabulae
1134 2611 1493 2697 flagitatae,
1564 2611 1805 2695 videte,
1878 2633 2075 2696 quam
2133 2633 2343 2696 pauca

328 2721 569 2853 {311³ssss
567 2698 1371 2853 dssffifimffabffi'umqmm
1426 2699 1780 2888 ssmffiffl
1834 2703 2158 2853 {⁰33an
2184 2702 2344 2852 εὲἓῖέ

329 2876 552 2941 ullam.
645 2871 955 2957 Sumptus
1010 2875 1201 2938 unius
1258 2874 1515 2960 generis
1572 2875 1865 2940 obiectus
1912 2880 2038 2959 est,
2091 2874 2343 2939 habita-
2370 2890 2427 2931 ³⁰

330 2963 559 3046 tionis3
611 2961 888 3046 triginta
939 2961 1206 3027 milibus
1251 2962 1509 3027 dixistis
1555 2983 1702 3027 eum
1744 2961 2061 3027 habitare.
2150 2960 2343 3027 Nunc

331 3050 588 3115 demum
630 3049 942 3133 intellego
978 3048 1052 3113 P.
1088 3048 1276 3115 Clodi
1311 3050 1591 3115 insulam
1630 3072 1769 3115 esse
1805 3050 2115 3133 venalem,
2161 3050 2343 3115 cuius

328 3138 439 3203 hic
491 3137 560 3201 in
615 3136 922 3201 aediculis
983 3136 1242 3202 habitat
1302 3138 1547 3221 decem,
1618 3142 1695 3202 ut
1748 3138 2006 3221 opinor,
2060 3138 2325 3203 milibus

329 3225 468 3290 Vos
532 3227 749 3289 autem
802 3224 957 3289 dum
1008 3224 1110 3289 illi
1161 3225 1417 3309 placere
1470 3225 1695 3307 voltis,
1758 3225 1839 3289 ad
1892 3231 2150 3311 tempus
2204 3226 2343 3290 eius

333 3310 737 3376 mendacium
782 3315 1070 3377 vestrum
1116 3313 1739 3378 accommodavistis.
2368 3326 2424 3370 ⁸⁵

246 3415 314 3465 18
465 3396 1024 3482 Reprehendistis,
1089 3420 1130 3463 a
1189 3402 1377 3482 patre
1442 3399 1613 3500 quod
1676 3400 2063 3485 semigrarit.
2155 3399 2345 3477 Quod

334 3484 594 3568 quidem
655 3485 787 3548 iam
847 3485 919 3549 in
979 3485 1104 3551 hac
1167 3490 1377 3551 aetate
1431 3488 1697 3551 minime
1750 3487 2344 3571 reprehendendum
