2550 3875
187 916 425 1002 mol,
472 915 629 995 QUI
676 916 738 983 A
785 914 1408 983 GRAMMATICIS
1453 916 1578 982 Ex
1622 916 2156 987 PHILIPPICIS

384 1021 1003 1090 ADFERUNTUR.
1048 1021 1228 1089 NEC
1274 1021 1378 1087 IN
1423 1022 1541 1088 IIS
1587 1022 1968 1089 EXTANT.

343 1184 399 1248 1.
462 1183 559 1247 M.
600 1183 847 1247 Tullius
890 1183 963 1246 in
1006 1180 1380 1265 Philippicis
1425 1181 1524 1245 Ζῶ.
1551 1182 1594 1246 1
1607 1182 1690 1246 7.·
1752 1182 1880 1258 Qui
1922 1182 2050 1248 hoc
2095 1205 2190 1249 se-

160 1275 354 1336 natus
397 1271 695 1336 consulto
732 1270 909 1335 facto
948 1270 1117 1334 clam
1152 1273 1218 1333 te
1257 1290 1337 1333 ex
1372 1269 1531 1334 urbe
1558 1270 1931 1353 proieceris,
1995 1268 2190 1356 (Non.

151 1382 218 1441 p
244 1364 398 1512 373.
423 1358 559 1512 231).
608 1447 855 1511 Tullius
898 1444 1398 1545 Philippicarum
1443 1445 1546 1509 Ζῶ.
1594 1444 1802 1510 XIV:
1855 1445 2190 1532 Titubare‚

108 1560 135 1600 5
160 1535 507 1618 haesitare,
553 1556 681 1619 quo
728 1555 797 1599 se
842 1536 1146 1615 vert-eret,
1188 1532 1458 1598 nescire.
1523 1531 1722 1617 (Non.
1756 1554 1823 1616 p.
1861 1538 2004 1600 182.
2044 1533 2132 1621 8.)

260 1646 265 1653 ·
340 1625 399 1689 3.
468 1586 629 1703 Quos
672 1642 835 1687 nunc
886 1622 1065 1703 vulyo
1118 1622 1419 1685 muliones
1462 1622 1753 1704 dicimu3‚
1806 1641 1906 1687 eos
1948 1623 2188 1706 scilicet,

160 1714 271 1794 qui
320 1713 599 1775 iumenta
658 1709 947 1775 vehiculis
1011 1708 1340 1773 subiuncta
1395 1711 1793 1774 moderantur
1846 1714 1904 1775 et
1952 1717 2189 1796 mount,

160 1821 259 1866 eos
300 1804 543 1877 veteres,
586 1802 662 1863 ut
700 1798 1167 1879 animadvertis,
1220 1797 1497 1862 redarios
1540 1798 1840 1881 dicebant,
1888 1799 2189 1864 muliones

161 1894 368 1954 autem
402 1888 656 1970 proprie
698 1906 822 1971 eos,
873 1886 984 1969 qui
1026 1886 1493 1968 neyotiationem
1539 1887 1696 1952 lueri
1736 1888 1839 1953 sui
1882 1906 2072 1952 causa
2117 1889 2188 1952 in

88 2004 137 2042 ιο
161 1977 515 2042 huiusmodi
547 1977 839 2040 iumentis
881 1975 1257 2052 exercebant,
1306 1976 1590 2056 quamvis
1627 1978 1685 2039 et
1717 1976 1790 2039 in
1816 1974 2188 2058 Philippicis

160 2066 495 2130 mulionem
550 2064 899 2129 Ventidium
942 2064 1187 2127 dixerat
1227 2068 1569 2146 eapropter,
1613 2064 1776 2144 quod
1825 2065 1899 2129 de
1939 2063 2188 2145 publico

162 2155 500 2218 redemerat
531 2152 942 2216 iumentorum
966 2151 1433 2233 praebitionem,
1467 2171 1624 2232 quae
1658 2156 1808 2216 esset
1831 2153 2004 2233 apud
2025 2172 2187 2216 exer-

162 2245 353 2306 citum
386 2241 747 2306 necessaria.
820 2237 1047 2325 (Schol.
1072 2237 1230 2302 Bob.
1258 2241 1346 2304 ad
1370 2239 1515 2304 Mil.
1542 2244 1625 2303 10
1681 2239 1811 2304 Vol.
1839 2239 1931 2303 II
1940 2261 2009 2322 p
2037 2244 2185 2305 286.

161 2327 251 2416 2.)
322 2365 401 2375 -
481 2327 798 2392 Ventidius
866 2347 941 2392 ex
1009 2327 1279 2392 mulione
1351 2327 1636 2392 Caesaris
1706 2328 2047 2408 dictatoris,
2117 2333 2190 2392 ut

85 2442 134 2484 ιε
171 2418 411 2483 Tullius
455 2417 527 2480 in
570 2416 838 2498 epistolis
880 2420 939 2480 et
978 2415 1051 2479 in
1093 2414 1465 2496 Philippicis
1510 2415 1804 2496 loquitur,
1851 2379 2188 2517 opitulante

161 2506 440 2571 Antonio
486 2509 543 2568 et
579 2504 861 2585 Auqusto
897 2523 1089 2584 usque
1130 2523 1198 2568 eo
1231 2508 1554 2585 provectus
1588 2508 1693 2585 est,
1735 2508 1808 2567 ut
1839 2505 1896 2567 ei
1930 2506 2187 2570 credere-

162 2601 263 2660 tur
288 2592 659 2660 Parthicum
685 2591 923 2658 bellum.
978 2589 1203 2674 (Schol.
1231 2591 1370 2656 Iuv.
1409 2591 1555 2656 VII
1571 2553 1696 2656 199
1711 2612 1780 2674 p.
1806 2595 1942 2659 287
1966 2589 2234 2677 Jahn.)
