2550 3875
320 182 456 247 290
767 179 910 235 PRO
947 178 1009 233 Τ.
1047 177 1281 232 ANNIO
1318 176 1599 233 MILONE
1638 175 1928 231 ORATIO.

323 341 643 426 debeatis,
704 341 835 405 nisi
898 343 1048 404 uter
1109 339 1244 404 utri
1308 337 1579 403 insidias
1634 336 1879 402 fecerit.
1981 335 2169 413 Quod
2227 358 2365 420 quo

321 430 581 496 facilius
647 427 1051 514 argumentis
1115 426 1483 511 perspicere
1540 425 1839 510 possitiS,
1903 446 2042 490 rem
2098 429 2361 510 gestam

322 518 512 584 vobis
539 517 695 582 dum
722 516 1010 582 breviter
1037 537 1308 600 expon0,
1346 535 1606 599 quaeso,
1642 514 1990 598 diligenter
2016 513 2365 579 attendite.

231 617 306 667 24
459 604 530 670 P.
567 603 834 671 Clodius
882 626 1030 669 cum
1067 603 1411 668 statuisset
1449 602 1627 668 omni
1664 601 1904 668 scelere
1940 601 2010 665 in
2044 605 2363 686 praetura

323 715 556 760 vexare
593 714 732 757 rem
767 692 1100 776 publicam
1133 691 1511 774 videretque
1547 691 1645 755 ita
1671 693 1887 755 tracta
1913 710 2054 754 esse
2083 689 2359 754 comitia
2416 707 2451 748 ⁵

325 803 496 847 anno
525 780 876 867 superiore,
909 784 987 845 ut
1011 801 1146 845 non
1173 779 1417 844 multos
1444 800 1701 844 menses
1727 781 2102 863 praeturam
2129 798 2362 863 gerere

322 873 576 954 posset,
633 869 744 952 qui
798 890 934 933 non
983 868 1254 932 honoris
1310 867 1586 952 gradum
1641 870 1968 951 spectaret
2011 869 2089 930 ut
2136 866 2361 948 ceteri,

325 958 439 1023 sed
494 961 562 1022 et
603 955 676 1020 L.
722 955 999 1021 Paulum
1055 955 1377 1040 collegam
1428 954 1709 1040 effugere
1754 954 1980 1038 vellet,
2034 953 2361 1039 singulari

324 1046 568 1111 virtute
632 1044 864 1128 civem,
930 1046 999 1108 et
1057 1065 1300 1108 annum
1352 1043 1686 1128 integrum
1740 1043 1822 1108 ad
1876 1043 2361 1107 dilacerandam

325 1155 463 1199 rem
507 1133 841 1217 publicam
889 1134 1246 1215 quaereret,
1297 1130 1517 1196 subito
1564 1130 1832 1214 reliquit
1876 1151 2117 1194 annum
2165 1151 2359 1194 suum
2390 1147 2451 1187 ιο

325 1243 593 1305 seseque
656 1221 728 1286 in
789 1241 1032 1284 annum
1087 1218 1461 1303 proximum
1513 1218 1857 1283 transtulit
1906 1239 2039 1283 non
2047 1268 2089 1303 ,.
2128 1221 2207 1282 ut
2258 1218 2363 1302 fit,

323 1309 639 1395 religione
693 1307 939 1392 aliqua,
1003 1307 1116 1371 sed
1169 1310 1248 1371 ut
1298 1307 1600 1390 haberet,
1656 1307 1829 1390 quod
1880 1306 2021 1389 ipse
2077 1305 2363 1390 dicebat,

328 1398 409 1463 ad
453 1400 831 1481 praeturam
877 1395 1256 1481 gerendam,
1312 1395 1437 1460 hoc
1484 1398 1587 1460 est
1631 1394 1712 1459 ad
1760 1394 2173 1460 evertendam
2218 1415 2363 1460 rem

237 1495 306 1545 25
325 1485 676 1570 publicam,
718 1482 985 1568 plenum
1022 1504 1264 1547 annum
1301 1487 1496 1566 atque
1532 1483 1879 1568 integrum.
1954 1481 2365 1548 Occurrebat

327 1573 388 1637 ei
432 1593 731 1637 mancam
777 1593 852 1636 ac
898 1571 1179 1636 debilem
1222 1575 1600 1655 praeturam
1645 1570 1937 1635 futuram
1985 1591 2172 1635 suam
2210 1592 2362 1636 con·
2392 1589 2447 1630 1⁵

326 1659 466 1725 sule
518 1659 792 1743 Milone;
847 1680 996 1724 eum
1045 1680 1242 1743 porro
1292 1680 1546 1724 summo
1593 1679 1913 1724 consensu
1957 1658 2186 1744 populi
2231 1657 2364 1724 Ro·

326 1747 504 1812 mani
577 1747 909 1812 consulem
982 1746 1123 1811 fieri
1185 1746 1465 1812 videbat.
1574 1745 1873 1812 Contulit
1937 1768 2007 1812 se
2072 1747 2154 1812 ad
2218 1747 2363 1812 eius

327 1835 796 1920 conpetitores,
852 1835 964 1899 sed
1008 1834 1132 1919 ita,
1177 1838 1391 1900 totam
1433 1839 1511 1900 ut
1554 1834 1942 1919 petitionem
1986 1834 2128 1918 ipse
2178 1835 2361 1901 solus

329 1924 530 1990 etiam
574 1923 799 1989 invitis
844 1923 978 1989 illis
1022 1924 1436 2009 gubernaret,
1480 1926 1627 1989 tota
1660 1927 1737 1988 ut
1775 1922 2044 1989 comitia
2079 1923 2238 2009 suis,
2282 1928 2361 1990 ut

327 2011 701 2096 dictitabat,
755 2012 996 2077 umeris
1055 2012 1425 2077 sustineret.
1518 2010 1938 2078 Convocabat
1988 2012 2231 2096 tribus,
2286 2033 2360 2077 se
2390 2031 2448 2071 πο

326 2100 805 2185 interponebat,
849 2098 1174 2166 Collinam
1209 2122 1449 2165 novam
1485 2100 1729 2166 dilectu
1762 2100 2363 2185 perditissimorum

328 2188 567 2253 civium
604 2186 1074 2253 conscribebat.
1132 2187 1390 2263 Quanto
1428 2188 1539 2252 ille
1575 2188 1766 2272 plura
1792 2187 2129 2273 miscebat,
2168 2193 2360 2254 tanto

325 2276 435 2340 hic
480 2276 691 2360 magis
738 2275 808 2339 in
853 2275 989 2340 dies
1038 2276 1549 2343 convalescebat.
1639 2274 1775 2342 Ubi
1819 2276 1984 2341 vidit
2027 2277 2228 2342 homo
2277 2278 2362 2341 ad

330 2384 519 2427 omne
575 2362 824 2427 facinus
880 2363 1337 2447 paratissimus
1396 2363 1833 2429 fortissimum
1887 2364 2099 2429 virum
2144 2364 2361 2430 inimi-

329 2450 663 2515 cissimum
709 2472 899 2515 suum
946 2451 1383 2517 certissimum
1422 2452 1754 2517 consulem
1798 2452 1993 2538 idque
2030 2452 2360 2519 intellexit
2390 2472 2443 2512 ἢ

327 2560 461 2603 non
525 2540 739 2603 solum
801 2539 1239 2625 sermonibus,
1302 2540 1416 2605 sed
1480 2540 1680 2605 etiam
1745 2540 2073 2626 suffragiis
2128 2541 2361 2626 populi

327 2625 608 2691 Romani
655 2648 847 2710 saepe
893 2648 1036 2693 esse
1083 2627 1502 2712 declaratum,
1547 2627 1767 2712 palam
1804 2649 1995 2714 agere
2033 2629 2254 2713 coepit
2290 2636 2361 2695 et

237 2734 308 2783 26
330 2718 554 2798 aperte
609 2715 819 2779 dicere
876 2715 1297 2781 occidendum
1354 2714 1684 2781 Milonem.
1778 2714 2014 2783 Servos
2060 2722 2361 2803 agrestes

329 2806 395 2867 et
448 2803 791 2887 barbaros,
846 2803 1084 2886 quibus
1142 2803 1340 2869 silvas
1390 2804 1717 2887 publicas)
1736 2804 2167 2889 depopulatus
2216 2811 2361 2871 erat

325 2889 790 2973 Etruriamque
848 2894 1141 2975 vexarat,
1196 2912 1275 2955 ex
1321 2891 1710 2976 Appennino
1757 2892 2137 2978 deduxerat,
2194 2915 2359 2977 quos
2388 2912 2441 2953 ao

326 2977 664 3043 videbatis
753 2976 885 3043 Res
942 2982 1083 3043 erat
1129 2977 1393 3043 minime
1442 2980 1735 3045 obscura.
1825 2980 2091 3045 Etenim
2137 2982 2362 3065 palam

328 3065 680 3132 dictitabat
735 3066 1146 3131 consulatum
1200 3064 1434 3132 Miloni
1490 3068 1654 3152 eripi
1701 3090 1835 3134 non
1877 3090 2099 3153 posse,
2153 3070 2363 3135 vitam

219 3160 554 3236 (26)posse.
631 3152 1042 3238 Significavit
1085 3152 1210 3219 hoc
1257 3176 1448 3239 saepe
1493 3155 1564 3221 in
1609 3161 1857 3240 senatu,
1903 3157 2068 3222 dixit
2103 3157 2175 3223 in
2213 3180 2363 3223 con-

327 3240 535 3326 tione;
583 3241 745 3324 quin
791 3242 991 3306 etiam
1036 3245 1131 3307 M.
1177 3241 1498 3328 Favonio,
1542 3242 1905 3310 fortissimo
1950 3244 2121 3330 viro,
2167 3267 2361 3330 quae-

326 3327 499 3392 renti
553 3350 633 3393 ex
687 3350 795 3413 eo,
849 3351 979 3413 qua
1033 3350 1148 3414 spe
1207 3330 1454 3396 fureret
1499 3330 1745 3397 Milone
1789 3332 1966 3419 vivo,
2018 3335 2362 3418 respondit
2387 3350 2435 3393 ⁸⁵

327 3414 546 3479 triduo
595 3414 787 3479 illum
831 3421 947 3481 aut
995 3438 1325 3481 summum
1371 3418 1730 3502 quadriduo
1778 3442 1918 3486 esse
1963 3421 2360 3508 periturum3

330 3520 528 3581 quam
563 3523 790 3567 vocem
825 3504 965 3568 eius
1001 3504 1082 3568 ad
1109 3504 1284 3568 hunc
1312 3504 1398 3569 M.
1429 3505 1745 3573 Catonem
1772 3510 2003 3575 statim
2028 3508 2363 3577 Favonius
