2550 3875
908 171 1064 227 cAP.
1108 181 1136 226 1
1177 179 1207 238 ς)
1249 179 1405 228 1-3,
2060 171 2193 236 203

147 325 413 399 cipaliter
461 329 688 398 quidem
736 329 1132 386 coniecturalis
1184 330 1439 386 defensio
1488 333 1604 398 est,
1652 329 1925 386 videlicet
1971 332 2194 384 oratore

147 400 371 456 nitente
424 399 720 456 Plancium
783 418 897 457 non
961 401 1237 472 pecuniae
1301 400 1636 472 largitione,
1702 402 1804 458 sed
1857 400 2194 470 integritate

147 489 368 526 morum
423 472 483 525 et
527 488 716 526 rerum
763 475 1053 554 gestarum
1100 475 1372 528 memoria
1422 475 1651 528 aedilem
1696 489 1805 528 esse
1848 475 2074 540 factum.
2121 501 2195 513 —-

152 542 390 598 Constat
429 545 619 596 autem
659 541 757 597 Cn.
788 541 1084 597 Plancium
1121 544 1445 598 absolutum
1483 559 1607 598 esse
1644 560 1712 598 ac
1747 541 2004 614 proximo
2044 559 2192 596 anno

149 613 509 669 aedilitatem
543 613 803 683 gessisse.

287 969 455 1036 Cum
497 973 784 1054 propter
839 969 1176 1054 egregiam
1227 972 1298 1034 et
1344 969 1746 1056 singularem
1793 967 1906 1034 Gn.
1944 967 2190 1053 Planci,
2212 939 2249 1077 ἒ

151 1058 427 1142 iudices,
480 1059 553 1122 in
597 1079 745 1122 mea
788 1058 1001 1122 salute
1049 1057 1473 1122 custodienda
1517 1059 1712 1123 fidem
1757 1062 1898 1122 tam
1944 1059 2191 1122 multos

151 1151 222 1211 et
289 1147 499 1211 bonos
564 1146 742 1211 viros
809 1146 948 1210 eius
1012 1145 1251 1210 honori
1316 1147 1603 1210 viderem
1669 1167 1813 1210 esse
1878 1145 2191 1228 fautores,

153 1234 493 1336 capiebam
559 1235 778 1299 animo
843 1255 978 1298 non
1041 1234 1436 1299 mediocrem
1494 1234 1933 1337 voluptatem,
1997 1233 2191 1317 quod,

91 1338 121 1378 δ
153 1323 338 1389 cuius
387 1323 679 1387 officium
725 1322 888 1386 mihi
934 1322 1135 1387 saluti
1179 1322 1442 1406 fuisset,
1494 1323 1556 1388 ei
1599 1344 1896 1387 meorum
1942 1325 2191 1404 tempo-

151 1434 300 1476 rum
347 1411 732 1476 memoriam
771 1410 1117 1512 suffragari
1152 1411 1474 1476 videbam.
1552 1410 1719 1477 Cum
1756 1415 1977 1475 autem
2014 1410 2191 1474 audi-

151 1521 294 1564 rem
338 1519 523 1563 meos
568 1499 815 1583 partim
860 1499 1181 1583 inimicOS,
1224 1500 1473 1583 partim
1518 1499 1774 1564 invidos
1814 1499 1971 1563 huic
2008 1520 2191 1563 accu-

153 1587 401 1652 sationi
445 1607 587 1651 esse
625 1585 918 1651 fautores
956 1587 1355 1671 eandemque
1392 1609 1532 1652 rem
1570 1587 2009 1652 adversariam
2047 1607 2190 1651 esse

152 1677 227 1740 in
271 1674 512 1739 iudicio
561 1673 676 1740 On.
722 1673 1012 1759 Plancio,
1059 1697 1222 1760 quae
1268 1677 1342 1740 in
1383 1676 1703 1760 petitione
1741 1674 1977 1740 fuisset
2015 1675 2192 1739 adiu-

63 1780 127 1821 ιο
158 1764 320 1846 trix,
382 1763 713 1847 dolebam,
767 1763 1013 1828 iudices
1024 1814 1041 1847 ‚
1096 1768 1163 1827 et
1219 1764 1451 1828 acerbe
1506 1764 1827 1847 ferebam,
1883 1763 1940 1828 si
1992 1763 2190 1827 huius

157 1850 337 1916 salus
395 1850 479 1916 ob
535 1873 681 1915 eam
732 1851 943 1935 ipsam
991 1873 1257 1916 causam
1305 1856 1481 1918 esset
1524 1851 1855 1935 infestior,
1912 1852 2086 1934 quod
2130 1851 2191 1915 is

156 1962 372 2006 meam
417 1939 700 2005 salutem
743 1946 942 2025 atque
979 1942 1186 2006 vitam
1225 1963 1345 2005 sua
1380 1942 1826 2007 benivolentia
1860 1940 2188 2024 praesidio

155 2029 583 2113 custodiaque
619 2029 912 2094 texisset.
985 2028 1179 2094 Nunc
1217 2033 1439 2094 autem
1468 2034 1703 2113 vester,
1744 2030 2005 2112 iudices,
2045 2040 2238 2093 con-2

157 2122 422 2201 spectus
489 2121 558 2182 et
621 2139 965 2183 consessus
1019 2117 1148 2182 iste
1203 2118 1417 2182 reficit
1472 2121 1540 2182 et
1593 2122 1847 2182 recreat
1903 2120 2192 2181 mentem

65 2228 127 2269 ιε
158 2227 400 2289 meam,
468 2227 617 2270 cum
682 2206 944 2271 intueor
1008 2209 1076 2269 et
1138 2206 1551 2306 contemplor
1608 2228 1813 2270 unum
1869 2226 2192 2288 quemque

155 2298 468 2359 vestrum.
549 2293 760 2359 Video
817 2294 992 2359 enim
1043 2294 1172 2358 hoc
1227 2294 1299 2358 in
1350 2316 1623 2359 numero
1675 2294 2030 2394 neminem,
2086 2293 2194 2358 cui

155 2404 304 2446 mea
367 2382 545 2447 salus
608 2404 743 2448 non
803 2404 955 2447 cara
1009 2381 1236 2466 fuerit,
1303 2382 1487 2446 cuius
1540 2404 1675 2447 non
1730 2386 1908 2446 extet
1961 2381 2034 2446 in
2086 2404 2194 2446 me

156 2492 485 2535 summum
541 2470 877 2555 meritum,
933 2471 1038 2535 cui
1091 2491 1228 2535 non
1282 2470 1408 2549 sim
1464 2470 1824 2535 obstrictus
1875 2471 2195 2535 memoria

155 2559 459 2623 beneficii
513 2559 928 2642 sempiterna.
1019 2557 1254 2642 Itaque
1311 2580 1445 2623 non
1500 2559 1855 2623 extimesco
1868 2609 1884 2641 ,
1937 2580 2021 2622 ne
2077 2557 2194 2623 Gn.

58 2669 123 2710 20
156 2646 427 2712 Plancio
495 2647 794 2711 custodia
855 2668 1037 2711 meae
1104 2645 1340 2711 salutis
1407 2647 1578 2730 apud
1644 2668 1755 2712 eos
1813 2646 2015 2729 obsit,
2082 2646 2196 2729 qui

155 2756 262 2800 me
309 2735 437 2818 ipsi
483 2735 764 2799 maxime
813 2736 1067 2800 salvum
1111 2735 1331 2799 videre
1372 2735 1738 2818 voluerunt,
1786 2734 2195 2817 saepiusque,

152 2823 432 2907 iudices,
485 2823 651 2887 mihi
706 2824 886 2888 venit
939 2824 1012 2887 in
1065 2827 1356 2887 mentem
1413 2823 1865 2888 admirandum
1916 2843 2058 2885 esse
2104 2820 2193 2885 M.

152 2910 599 2995 Laterensem,
642 2912 976 2976 hominem
1023 2911 1584 2976 studiosissimum
1630 2915 1697 2975 et
1738 2909 2086 2995 dignitatis
2126 2912 2195 2972 et

153 2999 392 3064 salutis
457 3022 666 3083 meae,
729 3021 914 3065 reum
978 2999 1108 3064 sibi
1164 3000 1342 3064 hunc
1396 2999 1817 3083 potissimum
1872 2996 2195 3081 delegisse

57 3108 122 3150 25
157 3110 358 3172 quam
421 3088 868 3172 metuendum,
928 3109 1012 3152 ne
1075 3087 1264 3152 vobis
1329 3088 1397 3151 id
1460 3087 1572 3151 ille
1637 3107 1879 3172 magna
1937 3085 2193 3149 ratione

152 3176 390 3241 fecisse
443 3176 759 3240 videatur.
843 3176 1256 3259 Quamquam
1307 3175 1471 3239 mihi
1514 3196 1651 3239 non
1697 3196 1885 3239 sumo
1932 3177 2194 3238 tantum
2214 3193 2249 3241 3

149 3286 365 3348 neque
413 3266 679 3349 adrogO,
726 3264 990 3348 iudices,
1035 3268 1112 3328 ut
1159 3263 1274 3328 On.
1323 3263 1666 3328 Plancium
1712 3263 1849 3327 suis
1892 3282 2051 3346 erga
2088 3282 2192 3325 me

151 3352 411 3417 meritis
473 3352 937 3436 impunitatem
1003 3355 1427 3417 consecutum
1489 3355 1735 3435 putem.
1836 3349 1988 3415 Nisi
2053 3350 2195 3415 eius

151 3441 650 3525 integerrimam
706 3440 940 3525 vitam,
1000 3440 1523 3505 modestissimos
1571 3460 1814 3523 mores,
1870 3460 2197 3503 summam

57 3550 121 3591 30
150 3530 370 3615 fidem,
418 3528 911 3612 continentiam,
954 3529 1295 3613 pietatem,
1340 3528 1786 3593 innocentiam
1828 3529 2197 3611 ostender0‚
