2550 3875
347 192 436 257 94
913 192 1058 247 PRO
1093 191 1170 247 M.
1208 190 1467 246 CAELIO
1506 190 1798 249 ORATIO.

349 354 678 439 ‘Adulter,
749 338 1118 439 inpudicus,
1191 352 1551 437 sequester’
1616 352 1978 419 convicium
2041 355 2168 437 est,
2228 374 2370 417 non

349 442 707 526 accusati03
757 442 1012 506 nullum
1063 444 1166 506 cst
1211 442 1384 506 enim
1426 442 1920 507 fundamentum
1962 441 2198 507 horum
2244 440 2367 505 cri-

349 531 616 613 minum,
659 529 844 594 nulla
886 530 1099 615 sedes3
1142 551 1333 596 voces
1382 535 1536 595 sunt
1577 530 2082 595 contumeliosae
2118 532 2367 593 temere

167 620 171 624 '
265 628 328 675 81
353 618 435 682 ab
499 618 671 682 irato
731 622 1107 683 accusatore
1159 618 1343 683 nullo
1400 622 1663 683 auctore
1720 618 2009 682 emissae.
2106 616 2367 681 Horum

347 707 623 771 duorum
661 706 1004 771 criminum
1040 706 1228 771 video
1263 705 1533 791 fontem,
1566 706 1753 771 video
1787 710 2137 789 auctorem,
2172 704 2363 769 video
2416 729 2451 770 5

349 798 602 859 certum
649 816 890 859 nomen
933 797 1001 859 et
1047 801 1260 878 caput.
1349 794 1533 859 Auro
1580 815 1742 877 opus
1787 793 1943 878 fuit3
1996 793 2279 877 sumpsit
2327 814 2372 855 a

349 882 600 966 Clodia,
664 882 945 966 sumpsit
1002 882 1140 946 sine
1195 885 1391 966 teste,
1453 881 1712 966 habuit,
1776 882 2084 966 quamdiu
2135 880 2369 945 voluit.

347 969 706 1035 Maximum
759 970 946 1035 video
997 970 1261 1055 signum
1309 970 1641 1035 cuiusdam
1688 970 1987 1055 egregiae
2033 968 2371 1034 familiari-

350 1058 528 1122 tatis.
645 1057 896 1123 Necare
975 1059 1245 1123 eandem
1314 1058 1557 1144 voluit3
1638 1058 1961 1142 quaesivit
2029 1078 2369 1139 venenum,

351 1145 758 1227 sollicitavit,
832 1167 995 1230 quos
1057 1147 1305 1231 potuit,
1376 1147 1659 1231 paravit,
1720 1146 1938 1211 locum
2002 1143 2369 1228 constituit,
2400 1175 2469 1214 10

349 1233 594 1298 attulit.
693 1233 1011 1319 Magnum
1064 1256 1290 1299 rursus
1346 1234 1567 1300 odium
1619 1233 1806 1298 video
1861 1256 2009 1299 cum
2064 1231 2369 1298 crudelis-

349 1322 516 1387 simo
571 1321 843 1387 discidio
900 1322 1214 1387 extitisse.
1306 1320 1436 1387 Res
1484 1327 1586 1387 est
1632 1322 1842 1387 omnis
1887 1322 1958 1386 in
2000 1320 2127 1387 hac
2170 1342 2371 1386 causa

345 1412 558 1495 nobis,
601 1410 868 1493 iudices,
913 1432 1062 1475 cum
1101 1410 1345 1494 Clodia,
1391 1410 1661 1477 muliere
1704 1430 1838 1475 non
1882 1410 2096 1475 solum
2138 1410 2372 1493 nobili,

349 1499 461 1564 sed
500 1497 701 1563 etiam
734 1502 922 1583 nota3
958 1499 1036 1563 de
1075 1520 1202 1583 qua
1237 1519 1361 1583 ego
1397 1498 1563 1562 nihil
1601 1498 1814 1563 dicam
1847 1498 1978 1563 nisi
2003 1496 2371 1582 depellendi

263 1594 329 1643 32
351 1586 640 1651 criminis
715 1607 926 1651 causa.
1032 1584 1159 1651 Sed
1230 1586 1561 1672 intellegis
1633 1607 1753 1670 pro
1826 1590 1943 1650 tua
2002 1586 2370 1670 praestanti
2399 1613 2464 1653 15

347 1674 712 1759 prudentia,
758 1672 872 1739 Cn.
917 1672 1190 1757 Domiti,
1241 1696 1389 1738 cum
1432 1674 1559 1739 hac
1604 1673 1745 1739 sola
1789 1695 1927 1739 rem
1973 1696 2112 1738 esse
2155 1673 2370 1737 nobis.

351 1762 532 1837 Quae
589 1762 647 1825 si
705 1783 774 1827 se
830 1784 1059 1827 aurum
1107 1761 1330 1828 Caelio
1387 1762 1834 1827 commodasse
1885 1783 2020 1827 non
2039 1835 2045 1841 ,
2067 1761 2251 1843 dicit,
2308 1762 2371 1825 si

347 1871 667 1916 venenum
713 1849 795 1913 ab
840 1849 968 1915 hoc
1013 1851 1143 1915 sibi
1186 1854 1493 1934 paratum
1536 1872 1677 1915 esse
1722 1872 1855 1914 non
1901 1850 2137 1935 arguit,
2183 1852 2373 1932 petu-

348 1940 562 2004 lanter
595 1938 892 2023 facimus,
929 1939 987 2003 si
1022 1942 1303 2004 matrem
1335 1939 1621 2004 familias
1658 1961 1865 2022 secus,
1902 1960 2099 2022 quam
2124 1941 2371 2002 matro-

346 2049 580 2092 narum
608 2027 924 2092 sanctitas
951 2028 1265 2112 postulat,
1291 2028 1722 2092 nominamus.
1793 2025 1911 2092 Sin
1935 2027 2069 2091 ista
2094 2026 2370 2091 muliere
2399 2055 2467 2094 20

348 2123 600 2181 remota
652 2137 772 2180 nec
823 2115 1068 2180 crimen
1112 2115 1321 2180 ullum
1364 2138 1484 2181 nec
1530 2138 1685 2199 opes
1733 2116 1814 2180 ad
1860 2114 2371 2200 oppugnandum

347 2203 639 2268 Caelium
692 2203 826 2269 illis
881 2204 1363 2288 relinquuntur,
1417 2204 1571 2288 quid
1622 2208 1725 2269 est
1770 2203 1973 2286 aliud,
2028 2201 2203 2287 quod
2243 2225 2371 2268 nos

346 2291 609 2374 patroni
651 2291 866 2357 facere
912 2292 1281 2374 debeamus,
1324 2292 1453 2356 nisi
1497 2296 1575 2356 ut
1621 2313 1750 2376 eos,
1795 2291 1908 2375 qui
1942 2292 2373 2372 insectantur,

347 2379 782 2462 repellamus?
875 2379 1062 2456 Quod
1110 2380 1372 2464 quidem
1412 2379 1691 2445 facerem
1727 2379 2191 2462 vehementius,
2235 2379 2373 2444 nisi

345 2466 822 2532 intercederent
863 2467 1025 2531 mihi
1060 2467 1443 2534 inimicitiae
1480 2490 1629 2533 cum
1662 2468 1857 2533 istius
1894 2466 2187 2532 mulieris
2224 2467 2372 2532 viro
2400 2494 2465 2534 25

351 2589 428 2602 —-
479 2554 682 2618 fratre
728 2555 908 2620 volui
953 2556 1194 2641 dicere3
1239 2577 1493 2640 semper
1536 2556 1646 2621 hic
1690 2578 1855 2622 erro.
1944 2553 2136 2620 Nunc
2172 2575 2373 2640 agam

347 2642 598 2707 modice
651 2664 773 2708 nec
826 2643 1090 2728 longius
1142 2644 1553 2728 progrediar,
1612 2665 1807 2727 quam
1860 2665 1964 2708 me
2015 2665 2160 2708 mea
2204 2643 2372 2708 fides

348 2734 417 2794 et
461 2751 658 2794 causa
701 2731 850 2815 ipsa
895 2735 1103 2816 coget.
1192 2731 1423 2819 Neque
1462 2732 1634 2796 enim
1670 2731 2019 2797 muliebres
2055 2753 2371 2814 umquam

345 2818 725 2883 inimicitias
771 2819 937 2884 mihi
982 2817 1297 2904 gerendas
1342 2820 1595 2903 putavi,
1643 2819 2031 2902 praesertim
2076 2841 2229 2883 cum
2276 2841 2374 2904 ea,

348 2927 544 2990 quam
608 2929 834 2972 omnes
900 2929 1155 2991 semper
1214 2906 1489 2972 amicam
1545 2907 1834 2972 omnium
1887 2907 2110 2992 potius
2170 2929 2373 2990 quam
2400 2934 2467 2973 30

349 2996 735 3079 cuiusquam
779 2994 1112 3059 inimicam
1156 2998 1569 3078 putaverunt.

482 3081 607 3146 Sed
645 3087 870 3147 tamen
905 3104 984 3147 ex
1018 3083 1164 3167 ipsa
1195 3104 1502 3183 quaeram
1528 3083 1729 3166 prius,
1764 3087 1986 3147 utrum
2014 3104 2119 3147 me
2146 3105 2375 3150 secum

347 3191 566 3234 severe
614 3174 680 3234 et
727 3170 1018 3254 graviter
1063 3173 1132 3234 et
1169 3171 1381 3254 prisce
1420 3191 1614 3256 agere
1648 3171 1840 3236 malit
1876 3192 1960 3235 an
1994 3170 2264 3237 remisse
2302 3177 2375 3236 et

345 3256 584 3322 leniter
629 3261 698 3322 et
741 3258 1008 3323 urbane.
1098 3255 1171 3322 Si
1213 3259 1331 3322 illo
1370 3264 1631 3323 austero
1668 3280 1848 3323 more
1886 3279 1961 3324 ac
1996 3259 2211 3343 modo,
2257 3259 2374 3324 ali-

348 3344 494 3426 quis
551 3345 715 3408 mihi
768 3345 851 3409 ab
906 3345 1132 3410 inferis
1189 3346 1564 3411 excitandus
1622 3350 1724 3411 est
1769 3369 1848 3412 ex
1893 3347 2186 3412 barbatis
2233 3347 2372 3412 illis
2400 3373 2461 3414 35

343 3451 480 3494 non
523 3431 648 3496 hac
688 3432 980 3517 barbula,
1028 3454 1156 3516 qua
1191 3433 1325 3497 ista
1360 3435 1737 3519 delectatur,
1785 3434 1897 3500 sed
1932 3435 2049 3499 illa
2083 3435 2372 3519 horrida,

350 3536 548 3599 quam
599 3520 671 3583 in
724 3521 962 3585 statuis
1018 3520 1307 3603 antiquis
1365 3524 1561 3605 atque
1610 3523 2009 3608 imaginibus
2053 3522 2372 3608 videmus,

245 3054 330 3120 14

256 3145 327 3193 33
