2550 3875
839 179 995 237 GAP.
1036 187 1210 236 9—11
1251 188 1283 247 ς
1325 188 1551 238 19—24.
1956 189 1961 196 ·
2098 185 2225 248 171

183 365 454 408 suorum
485 341 884 416 Graecorum
910 343 1164 408 foetore
1195 347 1261 408 et
1291 367 1518 430 caen03
1548 345 1722 430 quod
1749 346 2013 430 quidem
2030 345 2225 410 istius

185 433 256 497 in
290 432 425 497 illis
463 433 558 496 rei
593 431 896 516 publicae
932 431 1222 497 luctibus
1262 434 1451 518 quasi
1488 434 1753 517 aliquod
1790 434 2226 518 Lapitharum

186 523 303 584 aut
349 519 826 586 Centaurorum
882 520 1253 586 convivium
1306 521 1667 606 ferebatur3
1721 524 1793 587 in
1850 545 1980 607 quo
2030 543 2225 588 nemo

182 612 409 694 potest
472 610 684 674 dicere
747 612 972 673 utrum
1036 609 1163 674 iste
1226 610 1377 694 plus
1441 611 1686 675 biberit
1748 632 1836 676 an
1898 611 2227 676 vomuerit

125 713 156 754 ⁵
185 719 267 761 an
317 697 634 762 effuderit.
707 696 890 761 Tune
928 697 1129 762 etiam
1165 699 1566 763 mentionem
1602 699 1804 764 facies
1845 698 2225 764 consulatus
2245 717 2314 766 23

183 789 298 850 aut
346 788 414 850 te
458 785 662 851 fuisse
699 784 948 850 Romae
993 786 1327 851 consulem
1364 786 1576 851 dicere
1615 787 1929 852 audebis?
2005 786 2224 863 Quid?

181 879 257 938 tu
293 874 365 938 in
400 874 747 939 lictoribus
789 874 886 954 [in
921 877 1106 958 toga]
1154 853 1223 938 e‘t.
1256 879 1601 960 praetexta
1638 897 1779 940 esse
1811 874 2226 940 consulatum

180 963 424 1046 putas?
463 983 628 1046 quae
668 967 1053 1028 ornamenta
1089 962 1291 1027 etiam
1327 964 1399 1028 in
1429 962 1571 1028 Sex.
1601 963 1832 1029 Clodio
1862 967 1928 1029 te
1958 963 2226 1028 consule

183 1072 326 1114 esse
408 1051 707 1134 voluisti,
785 1050 891 1116 his
983 1054 1060 1116 tu
1067 1102 1086 1135 ,
1167 1050 1481 1117 Clodiane
1564 1051 1773 1136 canis,
1852 1052 2227 1137 insignibus

102 1165 155 1205 ιο
187 1138 602 1205 consulatum
663 1138 980 1216 declarari
1043 1140 1285 1224 putas?
1390 1139 1633 1205 Animo
1691 1139 2026 1204 consulem
2082 1159 2225 1204 esse

183 1231 476 1312 oportet,
524 1227 819 1312 consilio,
863 1227 1008 1311 fide,
1055 1229 1403 1313 gravitate,
1449 1227 1811 1314 vigilantia,
1860 1249 2033 1311 cura,
2080 1230 2226 1290 toto

181 1316 461 1400 denique
508 1337 776 1381 munere
823 1315 1202 1380 consulatus
1250 1318 1430 1381 omni
1478 1315 1696 1381 officio
1743 1316 1986 1381 tuendo
2025 1314 2229 1379 maxi-

179 1425 436 1488 meque,
478 1404 547 1468 id
583 1403 760 1489 quod
793 1404 894 1469 vis
929 1405 1216 1469 nominis
1252 1405 1397 1489 ipsa
1433 1404 1844 1489 praescribit,
1885 1405 1980 1468 rei
2016 1401 2231 1487 publi-

183 1513 295 1557 cae
355 1491 770 1557 consulendo.
871 1491 979 1558 An
1033 1513 1155 1578 ego
1215 1494 1549 1558 consulem
1604 1515 1747 1558 esse
1802 1495 2057 1577 putem,
2114 1490 2230 1575 qui

101 1603 154 1646 ιε
185 1582 490 1647 senatum
549 1602 690 1646 esse
746 1581 819 1645 in
870 1602 941 1645 re
994 1580 1262 1664 publica
1313 1603 1449 1646 non
1503 1582 1791 1666 putavit,
1848 1585 1915 1646 et
1960 1581 2100 1644 sine
2148 1600 2226 1644 eo

186 1667 464 1733 consilio
510 1668 845 1734 consulem
879 1691 1237 1753 numerem,
1285 1670 1424 1734 sine
1464 1692 1593 1753 quo
1632 1669 1881 1734 Romae
1916 1690 1998 1733 ne
2036 1687 2227 1753 reges

186 1755 450 1840 quidem
488 1779 627 1822 esse
662 1758 1066 1842 potuerunt?
1138 1757 1409 1822 Etenim
1436 1758 1553 1822 illa
1581 1758 1714 1822 iam
1744 1757 2001 1822 omitto.
2029 1821 2033 1825 ,
2058 1755 2229 1822 Cum

185 1866 521 1910 servorum
558 1846 835 1911 dilectus
872 1845 1231 1910 haberetur
1264 1846 1336 1911 in
1370 1846 1535 1931 foro,
1574 1868 1757 1911 arma
1792 1846 1863 1910 in
1904 1845 2230 1928 templum

184 1931 481 1999 Castoris
545 1934 690 1999 luce
760 1936 879 2016 [et]
937 1933 1159 2020 palam
1217 1939 1815 2021 comportarentur,
1879 1934 1949 1999 id
2003 1938 2229 1999 autem

99 2049 154 2091 20
181 2023 506 2107 templum
551 2022 814 2088 sublato
863 2024 1046 2088 aditu
1092 2024 1370 2089 revulsis
1418 2024 1731 2111 gradibus
1780 2045 1820 2087 a
1860 2024 2230 2088 coniurato-

180 2134 331 2175 rum
385 2111 682 2196 reliquiis
739 2116 936 2196 atque
994 2133 1033 2176 a
1080 2110 1403 2178 Catilinae
1449 2112 1975 2197 praevaricatore
2024 2132 2230 2196 quon·

182 2199 352 2282 dam,
391 2203 534 2263 tum
571 2200 785 2264 ultore
825 2200 1026 2264 armis
1065 2204 1416 2284 teneretur,
1464 2223 1614 2265 cum
1647 2199 1903 2285 equites
1942 2198 2231 2264 Romani

181 2286 660 2372 relegarentur,
723 2288 850 2353 viri
913 2288 1072 2353 boni
1131 2288 1458 2372 lapidibus
1516 2311 1551 2353 e
1607 2287 1752 2354 foro
1808 2288 2229 2372 pellerentur,

183 2376 443 2440 senatui
478 2397 614 2440 non
650 2374 922 2441 solum‘
902 2398 1126 2441 1uvare
1164 2398 1303 2441 rem
1336 2376 1691 2461 publicam,
1733 2376 1845 2441 sed
1880 2398 1963 2441 ne
2000 2376 2227 2462 lugere

96 2490 153 2533 26
183 2463 449 2547 quidem
485 2464 732 2548 liceret,
771 2486 920 2529 cum
957 2464 1119 2529 civis
1151 2465 1229 2549 is,
1266 2486 1462 2548 quem
1496 2464 1608 2529 hic
1638 2465 1797 2530 ordo
1826 2464 2229 2529 assentiente

181 2550 384 2615 Italia
429 2552 813 2636 cunctisque
861 2553 1168 2638 gentibus
1208 2557 1739 2618 conservatorem
1775 2554 2029 2638 patriae
2066 2552 2229 2617 iudi-

182 2644 386 2723 carat,
421 2639 605 2705 nullo
642 2640 905 2725 iudicio,
939 2640 1122 2705 nulla
1159 2641 1323 2727 lege,
1361 2641 1545 2706 nullo
1582 2662 1765 2707 more
1812 2641 2083 2706 servitio
2133 2644 2230 2705 at-

183 2750 311 2812 que
341 2729 541 2793 armis
569 2728 928 2814 pelleretur
953 2751 1090 2795 non
1108 2730 1324 2795 dicam
1344 2730 1590 2795 auxilio
1608 2734 1851 2813 vestro,
1881 2729 2057 2814 quod
2074 2749 2228 2792 vere

180 2816 340 2882 licet
377 2816 608 2901 dicere,
655 2818 769 2883 sed
808 2822 981 2883 certe
1021 2817 1313 2884 silentio:
1361 2823 1508 2883 tum
1545 2818 1807 2884 Romae·
1832 2817 2038 2882 fuisse
2079 2837 2229 2881 con-

92 2932 152 2973 so
184 2905 360 2972 sules
401 2906 748 2991 quisquam
777 2905 1227 2972 existimabit?
1286 2906 1414 2983 Qui
1442 2907 1733 2971 latrones
1762 2906 1988 2991 igitur,
2028 2904 2229 2987 siqui·
2248 2926 2321 2975 24

180 2994 333 3058 dem
367 3016 486 3058 vos
525 2994 845 3077 consules,
885 2995 997 3078 qui
1025 2996 1406 3079 praedones,
1446 2995 1563 3079 qui
1595 2993 1844 3078 hosteS,
1872 2994 1987 3078 qui
2012 2991 2228 3077 prodi-

180 3086 382 3167 tores,
420 3083 534 3166 qui
572 3082 838 3166 tyranni
872 3084 1432 3148 nominabuntur?
1479 3082 1798 3167 Magnum
1826 3102 2069 3147 nomen
2106 3083 2228 3164 est,
2253 3085 2333 3149 11

179 3192 426 3257 magna
445 3170 713 3255 species,
733 3190 976 3256 magna
995 3171 1305 3256 dignitaS,
1324 3193 1567 3257 magna
1584 3170 1897 3235 maiestas
1911 3168 2229 3253 consulis3

177 3281 317 3324 non
361 3260 631 3342 capiunt
678 3258 1024 3345 angustiae
1060 3260 1349 3344 pectoris
1390 3261 1507 3344 tui,
1552 3281 1685 3324 non
1720 3258 1957 3360 recipit
1991 3257 2231 3323 levitas

96 3372 152 3413 85
179 3347 333 3431 ista,
367 3369 503 3412 non
539 3352 800 3431 egestas
839 3348 1070 3433 animi3
1104 3370 1240 3414 non
1264 3347 1665 3413 infirmitas
1646 3347 1898 3432 ingenii
1926 3346 2231 3432 sustinet,

177 3457 314 3500 non
377 3435 732 3499 insolentia
786 3458 1006 3501 rerum
1060 3437 1494 3502 secundarum
1549 3439 1807 3500 tantam
1859 3457 2231 3519 personam,

179 3528 322 3589 tam
379 3544 677 3610 gravem,
735 3528 878 3590 tam
933 3546 1244 3590 severam.
1349 3524 1647 3610 Seplasia
1700 3523 2099 3607 mehercule,
2154 3528 2233 3590 ut
