2550 3875
837 766 934 838 M.
995 766 1284 839 TULLI
1340 762 1836 838 CICERONIS

584 930 827 1015 PRO
891 930 998 1016 M.
1065 928 1532 1015 CAELIO
1596 903 2091 1013 ORATIO.

1040 1190 1625 1251 ARGUMENTUM.

468 1306 542 1362 Μ.
581 1305 804 1361 Caelius
839 1305 1019 1360 Rufus
1032 1348 1046 1373 ,
1086 1305 1419 1360 adulescens
1456 1303 1688 1374 optimis
1726 1301 1931 1358 studiis
1968 1305 2027 1358 et
2062 1302 2271 1358 litteris
2308 1320 2349 1357 a

323 1377 509 1448 prima
555 1377 942 1432 adulescentia
986 1377 1236 1443 deditus,
1284 1392 1627 1444 quamquam
1670 1374 1795 1444 ipse
1839 1391 1954 1429 non
1990 1373 2131 1428 satis
2166 1372 2346 1429 conti-

325 1465 468 1504 nens
497 1465 562 1502 ac
589 1448 930 1515 moderatus,
968 1445 1140 1501 immo
1168 1447 1507 1500 libidinosus
1536 1463 1603 1500 ac
1629 1444 1946 1499 luxuriosus
1977 1447 2113 1512 erat,
2150 1447 2349 1500 tamen

329 1518 646 1574 accusando
691 1518 936 1599 gratiam
973 1534 1008 1570 a
1041 1517 1252 1587 populo
1288 1517 1492 1571 mereri
1527 1518 1586 1570 et
1620 1516 1861 1571 honores
1892 1514 2177 1585 gradatim
2213 1533 2345 1570 con-

331 1588 490 1657 sequi
528 1588 762 1643 studuit.
837 1591 1215 1643 Accusaverat
1251 1591 1441 1642 autem
1466 1587 1712 1658 primum
1738 1585 1796 1640 C.
1825 1585 2151 1654 Antonium,
2190 1585 2344 1640 Cice-

329 1659 482 1713 ronis
528 1659 591 1712 in
635 1658 932 1713 consulatu
969 1658 1269 1728 collegam,
1316 1659 1634 1712 maiestatis
1671 1656 1904 1711 crimine
1940 1673 2177 1725 eumque
2214 1673 2346 1711 con-

331 1731 719 1796 demnaverat,
767 1729 970 1784 deinde
1006 1728 1066 1785 L.
1107 1728 1857 1798 Sempronium-Atratinum
1901 1730 2122 1797 patrem
2157 1727 2220 1781 in
2253 1727 2349 1782 ius

328 1801 632 1860 vocaverat
666 1800 737 1854 de
775 1801 993 1855 ambitu
1028 1815 1133 1854 nec
1169 1803 1363 1854 tamen
1398 1799 1713 1868 perfecerat
1748 1799 1868 1852 eius
1905 1798 2343 1854 damnationem.

329 1871 476 1925 Tum
512 1887 658 1925 anno
694 1888 746 1924 u.
778 1887 824 1926 c.
865 1876 967 1925 698
1006 1887 1129 1924 cum
1158 1869 1218 1925 L.
1249 1871 1573 1924 Atratinum
1609 1869 1815 1924 iterum
1842 1867 2053 1923 iudicio
2080 1885 2241 1940 perse
2284 1867 2349 1923 ui

327 1941 517 2010 vellet,
553 1942 675 2011 ipse
715 1959 751 1994 a
783 1941 843 1995 L.
883 1941 1012 1996 Sem
1053 1941 1212 1997 ronio
1247 1941 1512 1996 Atratino
1548 1941 1665 1996 filio
1704 1940 1857 2010 apud
1891 1944 2209 2009 praetorem
2288 1958 2343 1995 n.

327 2011 638 2067 Domitium
676 2011 971 2067 Calvinum
1047 2029 1078 2067 e
1113 2011 1172 2066 vi
1207 2015 1504 2067 aecusatus
1540 2014 1628 2067 est
1664 2013 1815 2081 lege,
1854 2015 1920 2065 ut
1952 2011 2202 2080 videtur,
2238 2010 2347 2066 Lu-

330 2082 496 2151 tatia,
533 2083 686 2151 quod
720 2082 965 2153 Neapoli
1002 2082 1311 2138 seditiones
1348 2086 1547 2138 contra
1581 2098 1701 2137 rem
1737 2081 2023 2151 publicam
2058 2082 2349 2149 movisset,

328 2154 481 2223 quod
533 2153 617 2217 in,
648 2153 842 2207 Pallae
896 2153 1189 2208 cuiusdam
1239 2154 1405 2208 bonis
1457 2154 1608 2207 male
1661 2156 1917 2207 versatus
1962 2156 2137 2221 esset,
2192 2152 2351 2221 quod

327 2224 580 2279 Puteolis
625 2225 846 2294 legatos
895 2224 1304 2279 Alexandrinos
1391 2224 1658 2292 ulsasset,
1702 2223 1945 2277 maxime
1990 2240 2147 2291 vero,
2195 2224 2349 2291 quod

328 2294 628 2376 pecuniam
676 2311 711 2349 a
748 2294 972 2364 Clodia,
1022 2311 1208 2350 sorore
1245 2294 1305 2349 P.
1411 2294 1531 2361 odi,
1579 2292 1859 2349 Ciceronis
1896 2293 2137 2363 inimici,
2186 2294 2350 2349 cuius

328 2365 574 2435 impulsu
610 2364 670 2420 L.
705 2364 1000 2420 Atratinus
1045 2366 1188 2419 haec
1233 2368 1427 2420 omm‘a
1474 2381 1642 2435 agere
1688 2365 2008 2432 dicebatur,
2056 2364 2207 2433 quod
2242 2364 2352 2419 illa

331 2453 392 2491 se
429 2453 464 2491 a
490 2436 564 2491 Μ.
595 2434 786 2491 Caelio
823 2437 1106 2491 desertam
1143 2453 1264 2491 esse
1300 2437 1539 2491 moleste
1574 2436 1763 2502 ferret,
1800 2438 2052 2490 mutuam
2084 2435 2351 2505 cepisset,

329 2523 502 2575 quam
538 2506 700 2561 daret
736 2506 910 2562 servis
946 2506 1006 2563 L.
1043 2507 1271 2575 Luccei,
1322 2511 1387 2561 ut
1420 2506 1554 2575 Dio,
1592 2506 1895 2576 legationis
1931 2505 2353 2561 Alexandrinae

327 2577 617 2647 princeps,
673 2580 994 2647 necaretur,
1051 2578 1293 2646 denique
1347 2577 1498 2646 quod
1551 2576 1729 2647 ipsius
1774 2575 2005 2631 Clodiae
2058 2576 2351 2632 tollendae

330 2664 503 2703 causa
553 2664 833 2704 venenum
885 2652 1154 2717 parasset.
1242 2647 1303 2703 L.
1361 2647 1650 2716 Atratino,
1716 2646 1874 2702 cuius
1928 2647 2348 2702 accusationem

329 2719 541 2774 orando
587 2718 807 2773 adiuvit
841 2716 1017 2773 etiam
1052 2720 1114 2774 L.
1151 2717 1465 2773 Herennius
1500 2718 1737 2787 Balbus,
1778 2717 2073 2787 respondit
2104 2718 2351 2787 primum
2456 2714 2461 2719 ’

328 2792 451 2860 ipse
493 2789 569 2844 M.
617 2789 867 2855 Caelius,
920 2792 1044 2844 tum
1088 2792 1162 2844 Μ.
1199 2791 1457 2858 Crassus,
1514 2791 1612 2857 qui
1666 2788 1735 2843 de
1783 2787 2154 2843 seditionibus
2200 2790 2350 2845 Nea-

370 2859 625 2928 olitanis,
681 2860 752 2915 de
787 2859 1295 2915 Alexandrinorum
1336 2858 1659 2930 pulsatione
1693 2858 2030 2927 Puteolana,
2077 2859 2147 2915 de
2183 2859 2352 2914 bonis

328 2878 524 2985 gallae
563 2929 724 2999 dixit,
762 2932 820 2985 et
856 2932 928 2985 M.
969 2930 1180 2999 Cicero,
1218 2930 1311 2985 cui
1346 2930 1702 2999 potissimum
1739 2930 1810 2984 de
1847 2936 2028 2984 morte
2057 2929 2253 2984 Dionis
2290 2934 2351 2985 et

333 3001 404 3055 de
439 3017 655 3056 veneno
693 3003 890 3055 contra
920 3000 1176 3055 Clodiam
1210 3004 1411 3071 parato
1441 3001 1740 3055 dicendum
1767 3002 1891 3055 erat
1915 3002 2151 3068 totaque
2178 3017 2347 3056 causa

331 3071 664 3141 peroranda,
699 3070 762 3125 id
799 3071 950 3141 quod
985 3072 1092 3125 hac
1118 3071 1264 3141 ipsa,
1301 3087 1443 3139 quae
1471 3071 1620 3125 infra
1646 3071 1871 3141 legitur,
1910 3070 2167 3126 oratione
2193 3071 2350 3127 fecit.

333 3140 568 3197 Constat
604 3143 795 3197 autem
831 3144 906 3198 M.
945 3140 1197 3197 Caelium
1231 3143 1341 3196 hoc
1376 3142 1587 3197 iudicio
1625 3142 1949 3197 absolutum
1984 3157 2124 3197 esse.

273 3279 312 3415 ξ
470 3303 542 3369 Si
596 3304 770 3388 quis,
820 3303 1091 3385 iudices,
1145 3301 1316 3367 forte
1364 3325 1537 3368 nunc
1582 3304 1754 3368 adsit
1799 3304 2066 3389 ignarus
2111 3304 2354 3390 legum,

333 3391 746 3475 iudiciorum,
811 3390 1295 3456 consuetudinis
1357 3396 1647 3475 nostrae,
1710 3392 1981 3456 miretur
2036 3391 2352 3477 profectO,

337 3500 500 3565 quae
555 3479 644 3543 sit
693 3482 880 3543 tanta
925 3478 1234 3543 atrocitas
1281 3479 1546 3544 huiusce
1594 3500 1850 3561 causae,
1905 3480 2078 3565 quod
2122 3480 2353 3546 diebus
