2550 3875
833 157 990 215 CAP.
1030 164 1239 214 18—20
1275 164 1307 221 s
1345 164 1573 215 41—47.
2094 161 2217 225 151

192 320 427 405 Itaque
457 324 524 385 et
551 320 790 387 adsunt
815 320 1142 405 principes
1181 321 1468 387 civitatis
1506 326 1573 387 et
1608 322 1963 388 defendunt
1998 342 2219 388 amore

192 412 277 473 ut
317 430 504 473 suum
550 408 783 493 civem,
829 408 1208 474 testimonio
1254 413 1333 474 ut
1374 414 1703 494 nostrum,
1756 411 1974 477 officio
2020 416 2100 475 ut
2140 432 2220 475 ex

192 497 602 562 nobilissimo
641 496 768 561 civi
804 498 1293 562 sanctissimum
1326 497 1674 583 hospitem,
1712 499 1929 564 studio
1966 503 2043 563 ut
2080 499 2220 563 dili-

195 585 652 671 gentissimum
715 584 1121 650 defensorem
1183 586 1673 651 commodorum
1740 609 2024 665 suorum.
2117 586 2215 652 Ac
2236 598 2306 647 44

137 690 166 731 5
193 696 274 738 ne
319 673 446 757 ipsi
491 671 801 738 Gaditani
845 673 1263 758 arbitrentur,
1311 696 1707 758 quamquam
1748 676 1931 740 nullo
1976 676 2218 740 incom-

191 761 384 827 modo
431 761 836 841 adficiuntur,
881 761 939 827 si
984 762 1181 827 liceat
1215 783 1443 827 eorum
1489 764 1661 828 cives
1707 764 1975 828 virtutis
2023 785 2221 827 causa

189 850 260 915 in
301 853 602 914 nostram
655 849 990 914 civitatem
1035 850 1272 934 venire,
1317 854 1541 915 tamen
1583 852 1711 916 hoc
1752 852 1899 935 ipso
1944 851 2217 916 inferius

190 958 333 1002 esse
379 958 571 1001 suum
616 936 842 1002 foedus
889 958 1086 1021 quam
1133 941 1513 1023 ceter-onim,
1560 940 1949 1004 consolabor
1991 944 2059 1003 et
2093 940 2219 1004 hos

188 1026 555 1109 praesentis
609 1026 786 1090 viros
845 1026 1128 1109 optimos
1184 1029 1255 1091 et
1298 1026 1481 1091 illam
1524 1027 1975 1092 fidelissimam
2018 1032 2217 1111 atque

107 1132 164 1173 ιο
192 1113 660 1178 amicissimam
709 1113 902 1178 nobis
959 1114 1298 1178 civitatem
1342 1115 1536 1179 simul
1584 1118 1651 1179 et
1696 1136 1814 1179 vos
1856 1137 1993 1180 non
2036 1116 2218 1200 igno-

189 1202 427 1286 rantis,
483 1202 756 1285 iudices,
815 1202 1203 1285 admonebo,
1250 1223 1379 1285 quo
1426 1203 1505 1266 de
1550 1203 1691 1267 iure
1734 1203 1861 1268 hoc
1906 1204 2217 1267 iudicium

189 1290 628 1355 constitutum
654 1290 761 1373 sit,
789 1290 868 1354 de
896 1311 973 1354 eo
999 1312 1356 1374 numquam
1377 1291 1642 1355 omnino
1660 1312 1807 1355 esse
1823 1290 2219 1357 dubitatum.

325 1378 502 1454 Quos
555 1378 762 1463 igitur
812 1378 1373 1462 prudentissumos
1426 1378 1815 1463 interpretes
1867 1379 2218 1465 foederum,
2237 1388 2308 1438 45

189 1487 356 1550 quos
407 1467 870 1550 peritissumos
934 1466 1154 1531 bellici
1207 1466 1395 1551 iuris,
1462 1487 1625 1550 quos
1680 1468 2221 1553 diligentissimos

102 1572 160 1615 15
188 1555 261 1618 in
321 1554 733 1638 exquirendis
798 1554 1285 1619 condicionibus
1349 1553 1686 1620 civitatum
1753 1560 1949 1639 atque
2004 1556 2217 1621 causis

189 1663 333 1706 esse
387 1642 826 1708 arbitramur?
907 1642 1044 1707 Eos
1098 1642 1421 1727 profecto,
1471 1644 1587 1728 qui
1640 1644 1774 1708 iam
1822 1644 2097 1729 imperia
2142 1666 2219 1710 ac

188 1730 366 1794 bella
419 1734 776 1815 gesserunt.
867 1730 1158 1813 Etenim,
1217 1730 1275 1795 si
1334 1731 1409 1807 Q.
1456 1730 1771 1797 Scaevola
1820 1732 1934 1797 ille
1992 1753 2218 1834 augur,
2238 1723 2320 1787 20

190 1838 342 1883 cum
409 1820 487 1883 de
547 1819 690 1883 iure
751 1818 1189 1903 praediatorio
1257 1820 1721 1904 consuleretur,
1790 1820 1997 1885 homo
2055 1821 2217 1885 iuris

185 1906 622 1992 peritissimus
661 1907 1064 1974 consultores
1097 1928 1251 1973 suos
1286 1928 1421 1973 non
1452 1928 1811 1994 numquam
1838 1909 1919 1974 ad
1946 1908 2219 1975 Furium

97 2017 159 2058 so
188 1999 258 2061 et
301 1995 690 2062 Cascellium
742 1997 1184 2080 praediatores
1235 1997 1575 2080 reiciebat,
1628 1999 1687 2062 si
1740 2019 1861 2062 nos
1918 1998 1995 2062 de
2049 2019 2219 2081 aqua

181 2087 414 2150 nostra
455 2085 824 2149 Tusculana
868 2083 955 2149 M.
1002 2085 1365 2170 Tugionem
1399 2086 1623 2169 potius
1660 2107 1855 2170 quam
1900 2085 1973 2152 O.
2016 2086 2219 2170 Aqui-

182 2174 352 2238 lium
385 2173 904 2256 consulebamus,
941 2173 1114 2257 quod
1151 2174 1457 2238 adsiduus
1492 2195 1653 2238 usus
1687 2175 1801 2238 uni
1838 2175 1933 2238 rei
1962 2175 2219 2240 deditus

183 2265 254 2326 et
307 2261 646 2348 ingenium
699 2265 768 2326 et
821 2264 1032 2325 artem
1085 2282 1278 2345 saepe
1332 2261 1561 2346 vincit,
1625 2263 1773 2346 quis
1828 2262 2085 2327 dubitet
2138 2263 2217 2328 de

182 2350 556 2414 foederibus
601 2353 670 2414 et
715 2349 794 2414 de
839 2353 983 2414 toto
1025 2349 1166 2413 iure
1201 2349 1381 2433 pacis
1418 2353 1491 2414 et
1521 2351 1680 2415 belli
1718 2351 2019 2415 omnibus
2056 2351 2218 2417 iuris

91 2459 154 2501 25
183 2438 601 2522 peritissimis
628 2439 1056 2522 imperatores
1082 2441 1346 2502 nostros
1366 2437 1733 2504 anteferre?
1779 2438 2217 2505 Possumusne
2237 2451 2308 2502 46
2371 2446 2376 2450 ’

183 2527 395 2612 igitur
429 2526 558 2590 tibi
593 2527 878 2610 probare·
911 2529 1246 2590 auctorem
1284 2527 1563 2611 exempli
1599 2531 1797 2610 atque
1833 2527 1995 2592 facti
2021 2528 2219 2613 illius,

185 2615 360 2698 quod
415 2636 454 2678 a
507 2617 574 2678 te
627 2613 1064 2699 reprenditur,
1119 2613 1190 2679 O.
1236 2612 1565 2679 Marium?
1623 2615 1880 2699 quaeris
1932 2615 2219 2700 aliquem

183 2703 570 2788 graviorem,
617 2703 1145 2785 constantiorem,
1187 2703 1733 2790 praestantiorem
1769 2704 2030 2788 virtute,
2069 2726 2219 2789 pru-

182 2791 432 2874 dentia,
484 2790 846 2876 religione?
935 2789 1006 2854 Is
1058 2753 1263 2875 igitur
1317 2789 1731 2892 Iguvinatem
1784 2789 1873 2856 M.
1926 2756 2217 2856 Aiinium

88 2901 152 2945 ιο
180 2879 492 2964 Appium,
536 2878 972 2944 fortissimum
1015 2877 1228 2944 virum
1271 2899 1521 2943 summa
1553 2879 1795 2944 virtute
1829 2879 2219 2964 praeditum,

180 2968 448 3033 civitate
502 2967 797 3052 donavit3
850 2969 1014 3031 idm
1065 2967 1335 3032 cohortes
1384 2969 1546 3032 duas
1596 2971 1917 3033 universas
1970 2967 2217 3032 Gamer-

179 3059 341 3121 tium
393 3057 638 3120 civitate
679 3015 958 3132 doviavit,
1003 3075 1152 3119 cum
1190 3054 1638 3120 Camertinum
1678 3057 1893 3136 foedus
1936 3057 2215 3120 omnivm

176 3143 513 3209 foederum
559 3143 1046 3208 sanctissimum
1086 3147 1283 3228 atque
1321 3143 1785 3228 aequissimum
1824 3143 2024 3208 sciret
2057 3163 2215 3209 esse.

175 3233 412 3298 Potest
447 3232 670 3318 igitur,
705 3232 971 3316 iudices,
1007 3230 1080 3296 L.
1123 3231 1465 3297 Cornelius
1504 3231 1934 3315 condemnari,
1970 3235 2048 3295 ut
2081 3251 2216 3296 non

83 3345 144 3388 35
176 3320 249 3387 O.
296 3319 468 3385 Mari
520 3319 770 3384 factum
825 3321 1342 3385 condemnetur?
1433 3320 1699 3384 Existat
1751 3339 1909 3405 ergo
1956 3320 2068 3384 ille
2114 3321 2299 3390 vii-47

172 3429 528 3494 parumper
583 3409 980 3494 cogitatione
1027 3412 1270 3492 vestra,
1328 3409 1637 3491 quoniam
1682 3429 1751 3472 re
1796 3429 1930 3472 non
1972 3411 2213 3494 potest,

171 3502 256 3562 ut
318 3497 740 3582 conspiciatis
802 3518 952 3562 eum
1013 3497 1372 3583 mentibus,
1438 3496 1749 3582 quoniam
1812 3497 2017 3561 oculis
2079 3519 2217 3564 non
