2550 3875
843 179 995 235 CAP.
1035 187 1172 236 e-e
1211 187 1241 246 s
1283 187 1508 240 15—23.
2065 184 2204 248 265

149 341 412 406 violare
466 362 603 406 non
648 341 870 406 debeo.
965 341 1263 418 Quocum
1309 366 1413 407 me
1461 344 1519 409 si
1565 348 1719 409 ante
1766 343 1881 410 On.
1927 344 2202 428 Pompei

153 429 525 494 auctoritas
571 429 643 494 in
687 431 975 516 gratiam
1009 453 1145 496 non
1181 432 1567 516 reduxisset,
1610 454 1784 498 nunc
1820 433 1955 497 iam
1990 433 2200 516 ipsius

152 518 432 582 fortuna
469 518 821 582 reduceret.
899 517 1027 583 Sed
1065 523 1305 604 tamen,
1353 542 1503 584 cum
1537 521 1635 586 ita
1671 521 1853 605 dicis,
1898 520 2201 586 Postumi
2221 532 2293 582 20

155 607 455 690 impulsu
503 603 859 670 Gabinium
913 605 1283 691 profectum
1335 607 1827 692 Alexandriam,
1884 609 1944 674 si
1990 610 2204 675 defen-

99 713 130 753 5
161 695 335 759 sioni
404 692 646 759 Gabini
707 695 904 759 fidem
965 717 1101 760 non
1157 695 1391 775 habes,
1458 696 1945 762 obliviscerisne
2001 698 2203 762 etiam

163 783 608 848 accusationis
655 784 852 848 tuae?
938 781 1258 848 Gabinius
1307 806 1377 850 se
1422 785 1491 849 id
1535 783 1767 849 fecisse
1814 785 2071 852 dicebat
2106 787 2204 851 rei

161 871 468 955 publicae
517 893 739 956 causa,
792 872 966 955 quod
1013 872 1291 936 classem
1336 871 1645 938 Archelai
1692 874 1983 954 timeret,
2030 875 2204 959 quod

162 981 346 1023 mare
412 959 727 1024 refertum
787 958 928 1024 fore
981 961 1385 1046 praedonum
1438 964 1733 1046 putaret3
1794 961 1941 1048 lege
1999 963 2204 1028 etiam.

162 1048 233 1112 id
279 1046 409 1112 sibi
453 1047 718 1114 licuisse
765 1049 1040 1114 dicebat.
1112 1047 1214 1112 Tu
1257 1049 1563 1114 inimicus
1609 1071 1831 1135 negas.
1903 1050 2205 1138 IgnoscO,

82 1157 140 1196 ιο
169 1139 240 1200 et
285 1157 364 1200 eo
410 1136 644 1222 magis,
690 1138 866 1220 quod
911 1140 1014 1202 est
1061 1141 1291 1202 contra
1330 1137 1498 1203 illud
1533 1138 1910 1204 iudicatum.
1983 1138 2203 1204 Redeo

166 1224 378 1309 igitur
425 1225 506 1288 ad
553 1225 800 1290 crimen
843 1229 912 1289 et
957 1227 1443 1291 accusationem
1488 1230 1700 1311 tuam3
1746 1226 1858 1310 qui
1895 1227 2203 1292 vocifera·
2223 1237 2291 1284 21

165 1313 327 1377 bare
393 1312 618 1376 decem
679 1313 866 1378 milia
926 1314 1252 1379 talentum
1310 1312 1593 1379 Gabinio
1658 1336 1799 1379 esse
1862 1315 2205 1399 promissa.

167 1401 218 1485 †
243 1399 419 1465 Huic
454 1400 759 1467 videlicet
793 1402 1190 1486 perblandus
1226 1402 1645 1487 reperiendus
1673 1403 1821 1487 fuit,
1860 1403 1974 1486 qui
1999 1403 2208 1468 homi-

167 1511 348 1572 nem,
392 1493 470 1553 ut
516 1492 593 1554 tu
637 1489 755 1569 vis,
807 1490 1262 1556 avarissimum
1310 1495 1627 1570 exoraret,
1676 1491 2057 1556 sestertium
2101 1492 2206 1556 bis

88 1598 142 1640 15
171 1576 432 1641 miliens
490 1582 557 1641 et
613 1578 1190 1664 quadringentiens
1243 1602 1327 1644 ne
1382 1600 1622 1665 magno
1681 1601 1874 1664 opere
1923 1583 2209 1645 contem·

167 1669 376 1730 neret.
433 1663 753 1731 Gabinius
789 1667 971 1751 illud,
1009 1688 1271 1752 quoquo
1313 1668 1585 1733 consilio
1622 1666 1799 1750 fecit,
1834 1666 1995 1734 fecit
2033 1672 2208 1733 certe

171 1776 322 1838 suo;
360 1774 806 1838 quaecumque
843 1776 1026 1821 mens
1062 1755 1180 1820 illa
1214 1757 1361 1841 fuit,
1401 1754 1642 1821 Gabini
1678 1755 1824 1821 fuit.
1888 1753 2038 1822 Sive
2074 1757 2211 1840 ille,

169 1846 248 1907 ut
302 1843 444 1926 ipse
501 1842 786 1922 dicebat,
841 1844 1150 1930 gloriam,
1207 1845 1370 1929 sive,
1426 1848 1503 1909 ut
1558 1848 1634 1909 tu
1682 1845 1809 1922 vis,
1862 1845 2208 1929 pecuniam

172 1930 524 2015 quaesivit,
581 1931 734 2009 sibi,
797 1954 925 1998 non
977 1932 1241 1999 Rabirio
1296 1934 1627 2016 quaesivit;
1684 1931 1989 1999 Rabirius
2042 1935 2209 1999 enim

90 2043 146 2082 20
171 2042 306 2085 non
355 2018 596 2085 Gabini
643 2042 858 2087 comes
913 2022 1044 2101 [vel
1081 2025 1397 2104 sectator]
1435 2045 1557 2088 nec
1593 2023 1675 2087 ad
1716 2021 1975 2106 Gabini,
2022 2021 2208 2087 cuius

171 2109 241 2173 id
292 2108 639 2193 negotium
690 2131 826 2174 non
879 2113 1050 2194 erat,
1105 2111 1219 2175 sed
1273 2112 1357 2176 ad
1401 2110 1473 2175 P.
1518 2109 1813 2189 Lentuli,
1859 2110 2208 2177 clarissimi

171 2196 318 2280 viri,
357 2197 823 2263 auctoritatem
861 2220 900 2262 a
936 2202 1169 2263 senatu
1203 2199 1571 2283 profectam
1607 2203 1679 2264 et
1710 2198 1987 2265 consilio
2026 2202 2208 2265 certo

175 2289 246 2349 et
291 2306 408 2368 spe
453 2305 588 2349 non
633 2285 833 2350 dubia
877 2286 1091 2351 Roma
1137 2287 1579 2352 contenderat.

308 2370 404 2437 At
459 2373 783 2438 dioecetes
837 2373 968 2439 fuit
1017 2375 1258 2460 regius,
1348 2375 1441 2440 Et
1488 2375 1751 2459 quidem
1795 2375 1867 2439 in
1913 2376 2211 2442 custodia
2229 2394 2303 2441 22

95 2483 146 2523 26
176 2461 379 2525 etiam
432 2459 562 2525 fuit
615 2461 823 2547 regia,
880 2466 948 2526 et
999 2464 1094 2529 vis
1147 2463 1322 2527 vitae
1379 2464 1517 2529 eius
1570 2464 1774 2527 allata
1826 2486 2032 2548 paene
2079 2469 2211 2549 est3

173 2548 385 2613 multa
449 2552 813 2634 praeterea,
878 2571 1043 2633 quae
1098 2551 1304 2615 libido
1361 2552 1564 2636 regis,
1629 2573 1794 2634 quae
1849 2553 2209 2617 necessitas

175 2636 396 2721 coegit
449 2636 647 2716 ferre,
709 2638 1002 2721 pertulit.
1106 2638 1400 2714 Quarum
1457 2640 1750 2705 omnium
1804 2661 2025 2705 rerum
2077 2663 2212 2705 una

174 2724 595 2808 reprehensio
641 2729 762 2809 est,
807 2726 981 2809 quod
1026 2746 1303 2810 regnum
1347 2726 1632 2811 intrarit,
1681 2728 1855 2811 quod
1889 2729 2213 2812 potestati

176 2834 246 2876 se
310 2812 488 2897 regis
548 2813 973 2893 commiserit.
1083 2812 1333 2878 Verum
1399 2815 1458 2878 si
1522 2815 1919 2899 quaerimus,
1988 2815 2211 2880 stulte.

97 2923 150 2963 30
178 2899 349 2976 Quid
407 2900 581 2965 enim
637 2901 906 2965 stultius
964 2922 1161 2985 quam
1209 2902 1498 2985 equitem
1544 2902 1916 2968 Romanum
1963 2923 2043 2965 ex
2086 2901 2213 2966 hac

177 2988 358 3071 urbe,
401 2988 614 3067 huius,
660 2988 949 3073 inquam,
993 2990 1088 3053 rei
1124 2990 1427 3073 publicae
1466 2990 1692 3068 civem,
1740 3010 1904 3073 quae
1942 2991 2046 3053 est
2082 3010 2215 3052 una

176 3076 458 3141 maxime
515 3080 582 3141 et
630 3075 760 3141 fuit
807 3098 1064 3160 semper
1107 3077 1343 3155 libera,
1399 3078 1618 3142 venire
1664 3078 1736 3142 in
1782 3098 1931 3140 eum
1976 3076 2213 3160 locum,

175 3164 290 3229 ubi
345 3163 704 3248 parendum
760 3165 955 3230 alteri
1005 3168 1071 3229 et
1117 3165 1530 3231 serviendum
1578 3165 1713 3229 sit?
1799 3162 1925 3229 Sed
1973 3184 2095 3248 ego
2143 3164 2214 3227 in
2232 3146 2275 3209 9

175 3252 303 3317 hoc
339 3256 564 3317 tamen
591 3251 910 3317 Postumo
948 3275 1082 3318 non
1115 3254 1475 3338 ignoscam,
1508 3252 1764 3317 homini
1797 3250 2213 3315 mediocriter
2232 3236 2307 3283 23

100 3362 150 3403 35
179 3340 392 3425 docte,
431 3343 504 3405 in
551 3361 681 3424 quo
729 3341 985 3405 videam
1033 3342 1553 3425 sapientissimos
1599 3339 1899 3405 homines
1946 3360 2089 3403 esse
2126 3339 2217 3402 la-

175 3429 383 3511 psos?
438 3428 678 3493 Virum
705 3450 911 3493 unum
939 3429 1148 3493 totius
1179 3426 1491 3494 Graeciae
1520 3427 1711 3492 facile
1743 3426 2217 3510 doctissimum,

175 3514 555 3601 Platonem,
599 3515 951 3600 iniquitate
995 3515 1305 3601 Dionysi,
1352 3514 1613 3579 Siciliae
1659 3515 1943 3599 tyranni,
1995 3514 2099 3578 cui
2145 3535 2216 3578 se
