2550 3875
803 170 959 227 CAP.
998 177 1140 225 2—4
1177 177 1208 237 ξ
1245 176 1439 227 4-10.
2081 172 2216 236 525

165 338 468 399 nostrum
499 336 623 398 hoc
654 333 997 398 consilium
1018 331 1242 417 Capua
1268 333 1597 417 probabit,
1626 355 1791 417 quae
1806 336 2215 419 temporibus

165 422 274 487 his
303 422 516 486 Roma
552 422 760 485 altera
789 422 934 485 est?
1007 420 1134 485 Illa
1161 421 1401 505 impios
1432 422 1603 486 cives
1633 423 1966 506 iudicavit,
2005 423 2215 507 eiecit,

168 510 468 575 exclusit.
558 509 698 594 Illi,
743 508 872 592 illi,
917 509 1214 594 inquam,
1259 510 1411 573 urbi
1456 509 1817 575 fortissime
1866 511 2130 576 conanti
2178 533 2213 575 e

168 598 474 662 manibus
503 602 606 662 est
635 601 898 681 ereptus
926 596 1277 662 Antonius.
1354 595 1569 672 Quid?
1597 598 1934 683 legionum
1960 610 2212 665 nostra-
2232 617 2267 665 8

106 709 138 749 5
168 709 316 751 rum
373 707 608 751 nervos
662 707 878 750 nonne
925 686 1031 750 his
1078 685 1370 750 consiliis
1416 686 1808 751 incidimus?
1902 685 2061 762 Quis
2110 692 2214 752 est

167 776 373 857 enim,
437 775 549 857 qui
615 775 698 839 ad
759 774 1007 838 bellum
1061 774 1472 838 inflammato
1531 774 1748 838 animo
1805 774 2066 840 futurus
2123 776 2215 840 sit

168 884 286 946 spe
332 864 514 946 pacis
562 863 835 927 oblata?
919 861 1076 945 Ipsa
1110 862 1227 926 illa
1264 861 1510 926 Martia
1549 863 1849 927 caelestis
1888 868 1956 927 et
1992 864 2213 928 divina

165 951 346 1036 legio
401 951 528 1015 hoc
581 951 814 1015 nuntio
871 951 1252 1035 languescet
1308 954 1375 1014 et
1427 950 1761 1015 mollietur
1807 954 2003 1034 atque
2050 952 2213 1016 illud

167 1039 683 1122 pulcherrimum
712 1038 1029 1103 Martium
1064 1060 1307 1103 nomen
1336 1039 1627 1123 amittet3
1665 1039 1963 1103 excident
1992 1040 2212 1125 gladii,

85 1147 141 1186 ιο
168 1128 377 1192 fluent
434 1148 618 1190 arma
671 1128 749 1192 de
814 1128 1134 1192 manibus.
1227 1125 1544 1191 Senatum
1590 1127 1763 1191 enim
1810 1131 2037 1192 secuta
2079 1150 2209 1192 non

169 1216 606 1280 arbitrabitur
652 1237 722 1280 se
769 1216 1068 1301 graviore
1107 1215 1256 1279 odio
1296 1216 1529 1279 debere
1567 1237 1708 1279 esse
1744 1216 1817 1279 in
1852 1216 2214 1280 Antonium

172 1326 373 1387 quam
419 1308 735 1368 senatum.
829 1303 1042 1367 Pudet
1085 1302 1283 1367 huius
1328 1303 1627 1388 legionis,
1672 1304 1877 1387 pudet
1924 1308 2213 1389 quartae,

172 1414 340 1475 quae
395 1393 539 1476 pari
594 1392 839 1457 virtute
894 1395 1191 1455 nostram
1238 1392 1702 1456 auctoritatem
1746 1392 2033 1475 probans
2078 1413 2213 1456 non

169 1486 249 1545 ut
296 1481 632 1545 consulem
678 1484 745 1544 et
790 1481 1255 1563 imperatorem
1303 1502 1511 1564 suum,
1558 1480 1672 1544 sed
1716 1484 1793 1544 ut
1837 1481 2098 1544 hostem
2145 1484 2215 1545 et

88 1588 143 1628 15
173 1572 697 1653 oppugnatorem
734 1570 985 1653 patriae
1024 1567 1291 1651 reliquit
1321 1567 1711 1653 Antonium3
1745 1569 1949 1653 pudet
1976 1568 2214 1652 optimi

171 1657 524 1741 exercitus,
579 1657 692 1740 qui
740 1656 1126 1721 coniunctus
1171 1661 1275 1720 est
1322 1679 1401 1720 ex
1445 1656 1701 1721 duobus
1712 1707 1729 1740 ,
1777 1657 1889 1740 qui
1935 1656 2069 1721 iam
2113 1658 2211 1721 lu·

173 1749 424 1809 stratus
434 1796 452 1828 ,
510 1743 623 1828 qui
676 1744 1010 1829 profectus
1067 1745 1148 1809 ad
1193 1743 1521 1809 Mutinam
1567 1749 1695 1829 est3
1751 1745 1863 1829 qui
1911 1745 1968 1808 si
2012 1746 2213 1830 pacis,

171 1834 240 1898 id
288 1836 391 1898 est
435 1833 695 1897 timoris
741 1833 980 1917 nostri,
1035 1854 1275 1896 nomen
1322 1832 1625 1917 audierit,
1680 1836 1757 1897 ut
1790 1854 1927 1897 non
1971 1833 2219 1897 referat·

170 1922 423 2007 pedem,
459 1922 726 1987 insistet
763 1923 954 1987 certe.
1028 1919 1198 1997 Quid
1236 1920 1410 1986 enim
1447 1925 1794 1986 revocante
1824 1926 1892 1986 et
1920 1923 2213 2006 receptui

89 2032 143 2071 ιο
174 2014 448 2076 canente
505 2015 736 2075 senatu
791 2015 1102 2095 properet
1156 2009 1510 2075 dimicare?
1602 2008 1773 2086 Quid
1819 2013 2039 2075 autem
2084 2011 2212 2076 hoc

170 2099 481 2164 iniustius
521 2121 718 2182 quam
752 2120 873 2163 nos
911 2099 1341 2163 inscientibus
1379 2098 1478 2182 iis,
1519 2098 1631 2181 qui
1667 2098 1916 2163 bellum
1954 2103 2211 2185 gerunt,

173 2188 253 2252 de
300 2209 458 2271 pace
506 2187 874 2271 decernere,
929 2207 1048 2252 nec
1095 2186 1311 2251 solum
1355 2186 1805 2270 inscientibuS,
1852 2187 1965 2251 sed
2012 2188 2209 2252 etiam

173 2275 445 2340 invitis?
501 2275 609 2339 An
639 2296 753 2340 vos
784 2277 860 2338 A.
887 2274 1200 2358 Hirtium,
1236 2275 1833 2358 praeclarissimum
1862 2277 2213 2360 consulem,

174 2363 246 2430 O.
277 2362 621 2428 Caesarem
659 2363 929 2427 deorum
966 2363 1281 2428 beneficio
1318 2367 1551 2427 natum
1588 2364 1669 2428 ad
1704 2364 1866 2429 haec
1895 2368 2213 2449 tempora,

91 2471 146 2511 25
177 2472 455 2536 quorum
511 2451 825 2534 epistulas
873 2473 1056 2535 spem
1101 2451 1413 2516 victoriae
1462 2452 1853 2517 declarantis
1899 2452 1971 2516 in
2016 2476 2213 2518 manu

175 2546 396 2622 tene0,
459 2561 686 2624 pacem
752 2540 916 2604 velle
983 2540 1307 2604 censetis?
1406 2539 1686 2605 Vincere
1744 2541 1843 2604 illi
1900 2545 2215 2624 expetunt

173 2629 486 2713 pacisque
560 2628 1009 2693 dulcissimum
1074 2632 1142 2692 et
1202 2628 1717 2710 pulcherrimum
1778 2649 2018 2692 nomen
2080 2650 2215 2692 non

175 2717 500 2799 pactione,
546 2718 660 2781 sed
705 2716 985 2781 victoria
1022 2716 1549 2800 concupiverunt.
1641 2714 1854 2792 Quid?
1930 2714 2215 2780 Galliam

179 2826 308 2888 quo
358 2805 620 2868 tandem
659 2805 878 2869 animo
916 2804 1084 2868 hanc
1122 2825 1262 2867 rem
1300 2805 1671 2868 audituram
1708 2803 2006 2887 putatis?
2089 2803 2216 2868 Illa

94 2911 150 2952 so
177 2894 350 2956 enim
388 2893 582 2957 huius
621 2894 778 2957 belli
812 2891 1257 2978 propulsandi,
1296 2892 1814 2973 administrandi,
1854 2892 2216 2956 sustinendi

175 2982 620 3066 principatum
666 2985 865 3046 tenet.
959 2979 1175 3044 Gallia
1215 2979 1295 3044 D.
1333 2981 1525 3045 Bruti
1570 2985 1809 3045 nutum
1852 2980 2089 3064 ipsum,
2134 3002 2215 3045 ne

176 3070 391 3134 dicam
451 3070 825 3153 imperium,
890 3074 1117 3134 secuta
1181 3069 1383 3133 armis
1393 3120 1410 3151 ,
1474 3069 1660 3151 viris,
1723 3068 2000 3151 pecunia
2055 3069 2216 3132 belli

176 3157 500 3242 principia
545 3158 860 3242 firmavit3
906 3158 1128 3222 eadem
1175 3157 1550 3222 crudelitati
1594 3155 1682 3221 M.
1728 3156 1978 3221 Antoni
2026 3179 2216 3222 suum

176 3251 397 3310 totum
461 3268 695 3329 corpus
760 3246 1030 3329 obiecit3
1103 3245 1509 3329 exhauritur,
1583 3249 1909 3329 vastatur,
1973 3245 2216 3330 uritur3

97 3352 150 3393 85
180 3334 394 3398 omnis
443 3356 650 3417 aequo
699 3335 916 3398 animo
963 3334 1121 3398 belli
1165 3334 1420 3417 patitur
1464 3333 1765 3417 iniuriaS,
1820 3334 1974 3397 dum
2020 3334 2214 3398 modo

177 3423 454 3505 repellat
497 3423 860 3506 periculum
907 3422 1259 3486 servitutiS.
1349 3421 1441 3486 Et
1476 3425 1553 3485 ut
1591 3422 1895 3486 omittam
1932 3422 2216 3506 reliquas
2241 3443 2308 3491 ιο

176 3514 399 3594 partes
439 3509 692 3575 Galliae
740 3511 921 3595 (nam
967 3515 1122 3574 sunt
1160 3531 1383 3574 omnes
1421 3509 1662 3596 pares),
1708 3510 2013 3575 Patavini
2050 3512 2215 3576 alios

2232 1976 2268 2039 4

2233 2067 2265 2114 9
