2550 3875
361 197 498 262 254
923 196 1068 252 PRO
1105 196 1182 253 M.
1220 194 1503 252 SGAURO
1542 193 1832 250 ORATIO.

361 359 587 444 sociis,
651 357 904 424 civibus
969 363 1275 424 exoratus
1338 357 1715 442 anteposuit
1765 354 2005 422 honori
2058 377 2178 422 suo
2230 378 2410 421 com-

361 449 558 513 moda
612 448 1023 548 salutemque
1077 446 1480 532 provinciae,
1540 449 1891 530 propterea
1942 448 2139 529 putas
2194 445 2404 510 semel

254 578 340 643 16
361 533 805 602 exulceratum
889 534 1180 600 animum
1257 538 1399 599 tam
1481 533 1673 599 facile
1752 532 2048 618 potuisse
2131 532 2407 598 sanari?

269 670 339 718 36
363 625 777 707 Quamquam
830 622 902 687 in
953 623 1104 688 istis
1162 623 1467 689 omnibus
1510 623 1733 707 rebus,
1786 620 2177 705 praesertim
2224 621 2404 705 apud

358 711 656 777 homines
711 712 1054 794 barbaros,
1111 711 1332 796 opinio
1388 713 1537 796 plus
1583 711 1761 775 valet
1806 731 1999 794 saepe
2046 731 2247 794 quam
2294 731 2399 774 res
2456 729 2483 770 ⁵

359 800 522 884 ipsa.
621 799 1016 865 Persuasum
1080 804 1182 864 est
1239 798 1463 865 Sardis
1518 821 1589 864 se
1642 797 1809 864 nihil
1865 797 2082 882 Appio
2138 797 2399 884 gratius

361 909 503 952 esse
557 887 883 989 facturos,
932 908 1130 972 quam
1185 887 1244 952 si
1307 889 1387 952 de
1444 885 1674 952 Scauri
1735 888 1913 951 fama
1966 885 2403 970 detraxerint·

361 976 724 1042 multorum
795 976 997 1040 etiam
1069 997 1186 1060 spe
1261 977 1755 1041 commodorum
1826 973 2400 1059 praemiorumque

358 1066 712 1149 ducuntur3
778 1065 998 1130 omnia
1051 1064 1389 1130 consulem
1441 1068 1680 1149 putant
1732 1084 1954 1148 posse,
2005 1062 2401 1147 praesertim

356 1154 533 1218 ultro
608 1152 1046 1238 pollicentem.
1153 1152 1254 1217 De
1326 1175 1453 1237 quo
1518 1153 1711 1237 plura
1768 1149 1905 1216 iam
1966 1174 2102 1216 non
2164 1151 2397 1216 dicam
2432 1171 2485 1210 ιο

269 1258 336 1306 37
361 1242 774 1326 Quamquam
829 1263 931 1324 ea,
996 1261 1162 1324 quae
1216 1240 1378 1324 dixi,
1442 1263 1576 1305 non
1628 1261 1816 1305 secus
1870 1238 2031 1324 dixi,
2084 1261 2284 1341 quam
2340 1240 2401 1304 si

360 1330 500 1395 eius
551 1330 759 1395 frater
814 1351 1248 1412 8888111,ηο11
1301 1328 1389 1414 is,
1445 1329 1556 1412 qui
1612 1332 1680 1392 et
1735 1332 1838 1393 est
1892 1332 1959 1392 et
2016 1328 2130 1412 qui
2184 1328 2401 1392 multa

359 1418 543 1503 dixit,
589 1418 703 1482 sed
746 1416 825 1502 is,
871 1417 984 1500 qui
1031 1437 1154 1518 ego
1202 1438 1344 1482 esse
1380 1416 1451 1481 in
1488 1438 1708 1481 meum
1746 1415 2071 1482 consuevi.
2156 1415 2399 1480 Generi

355 1505 563 1592 igitur
618 1505 748 1570 toti
795 1504 1228 1570 accusationis
1275 1504 1610 1589 resistere,
1663 1504 1936 1589 iudices,
1989 1503 2271 1588 debetis,
2326 1505 2400 1568 in

359 1616 488 1678 quo
541 1592 708 1658 nihil
766 1615 974 1678 more,
1026 1592 1194 1657 nihil
1249 1593 1473 1677 mode,
1526 1556 1695 1658 nihil
1741 1557 2176 1678 consi'derate,
2227 1591 2398 1658 nihil
2431 1611 2485 1652 15

355 1681 642 1767 integre,
697 1685 927 1746 contra
971 1680 1306 1782 improbe,
1358 1680 1647 1766 turbide,
1699 1680 2119 1766 festinanter,
2171 1681 2398 1783 rapide

359 1770 580 1834 omnia
633 1769 1144 1854 conspiratione,
1187 1769 1493 1854 imperio,
1540 1769 1962 1854 auctoritate,
2008 1790 2152 1854 spe,
2198 1769 2399 1834 minis

358 1857 594 1923 videtis
643 1879 784 1924 esse
832 1862 1154 1943 suscepta.

257 1932 333 1996 17
493 1944 705 2012 Venio
748 1969 923 2012 nunc
969 1948 1052 2012 ad
1088 1950 1315 2030 testes,
1360 1947 1431 2012 in
1467 1947 1705 2032 quibus
1743 1947 1990 2012 docebo
2026 1968 2164 2012 non
2197 1947 2397 2012 modo

269 2022 609 2101 38nullam
654 2036 849 2099 fidem
896 2039 964 2099 et
1009 2036 1491 2120 auctoritatem,
1536 2036 1650 2099 sed
1690 2058 1773 2100 ne
1812 2036 2095 2119 speeiem
2134 2036 2398 2136 quidem
2427 2052 2481 2094 πο

359 2144 500 2188 esse
557 2128 673 2187 aut
727 2124 1086 2225 imaginem
1141 2124 1433 2187 testium.
1532 2123 1802 2189 Etenim
1855 2124 2053 2187 fidem
2107 2123 2400 2207 primum

356 2212 504 2295 ipsa
547 2210 729 2276 tollit
776 2212 1136 2295 consensio,
1185 2233 1351 2295 quae
1386 2210 1723 2296 patefacta
1770 2215 1871 2276 est
1918 2212 2398 2296 compromisso

361 2297 716 2363 Sardorum
771 2303 839 2364 et
894 2300 1345 2364 coniuratione
1400 2299 1706 2383 recitata3
1760 2299 1990 2364 deinde
2045 2300 2165 2364 illa
2221 2301 2399 2384 cupi-

358 2386 558 2471 ditas,
615 2409 779 2471 quae
825 2392 1130 2472 suscepta
1175 2392 1277 2452 est
1325 2409 1439 2472 spe
1486 2392 1555 2451 et
1597 2388 2032 2471 promissione
2076 2390 2401 2472 praemio-

360 2495 535 2559 rum3
597 2479 931 2558 postremo
995 2476 1142 2559 ipsa
1197 2476 1412 2560 natio,
1477 2476 1659 2540 cuius
1716 2479 1906 2540 tanta
1958 2476 2220 2561 vanitas
2278 2481 2400 2561 est,
2426 2494 2481 2535 25

359 2566 436 2626 ut
481 2562 860 2628 libertatem
906 2585 946 2627 a
983 2563 1300 2628 servitute
1345 2564 1528 2627 nulla
1574 2586 1643 2628 re
1691 2564 1822 2628 alia
1865 2564 1996 2629 nisi
2033 2565 2399 2630 mentiendi

271 2664 339 2713 39
359 2651 627 2715 licentia
672 2652 1203 2753 distinguendam
1245 2656 1500 2736 putent.
1590 2650 1821 2737 Neque
1868 2674 1990 2739 ego
2039 2650 2401 2718 Sardorum

361 2739 666 2824 querellis
730 2741 864 2805 dico
930 2740 1178 2805 moveri
1229 2762 1353 2805 nos
1408 2762 1767 2823 numquam
1822 2744 2141 2825 oportere.
2244 2741 2401 2807 Non

358 2850 506 2891 sum
561 2831 677 2892 aut
733 2832 872 2892 tam
926 2828 1323 2893 inhumanus
1380 2833 1495 2893 aut
1548 2832 1691 2892 tam
1745 2829 1995 2893 alienus
2052 2850 2093 2893 a
2150 2827 2398 2916 Sardis,

356 2916 748 3000 praesertim
802 2938 951 2981 cum
1004 2916 1210 2981 frater
1264 2938 1447 2981 meus
1502 2938 1711 3001 nuper
1765 2918 1848 2981 ab
1895 2917 1977 2981 iis
2023 2882 2398 3003 decesserit,
2424 2935 2479 2975 ³0

358 3025 507 3067 cum
563 3004 658 3068 rei
712 3003 1180 3069 frumentariae
1225 3003 1341 3071 Cn.
1386 3004 1664 3089 Pompei
1720 3005 1927 3069 missu
1981 3006 2399 3092 praefuisset,

359 3092 472 3174 qui
519 3095 587 3156 et
629 3092 770 3175 ipse
816 3092 950 3156 illis
995 3115 1117 3175 pro
1166 3114 1285 3157 sua
1329 3093 1455 3157 fide
1503 3096 1571 3157 et
1613 3093 2024 3158 humanitate
2064 3096 2400 3160 consuluit

267 3191 338 3240 40
359 3183 426 3243 et
499 3179 595 3244 eis
659 3180 951 3245 vicissim
1013 3201 1321 3263 percarus
1388 3185 1457 3245 et
1518 3182 1838 3247 iucundus
1901 3181 2048 3247 fuit.
2158 3182 2400 3248 Pateat

357 3288 511 3332 vero
583 3267 711 3332 hoc
773 3267 1148 3369 perfugium
1211 3268 1449 3351 dolori,
1520 3274 1749 3353 pateat
1810 3270 2007 3335 iustis
2069 3272 2400 3356 querellis,

358 3354 797 3419 coniurationi
869 3354 977 3419 via
1049 3354 1553 3439 intercludatur,
1627 3358 2049 3443 obsaepiatur
2119 3358 2399 3446 insidiis,
2425 3374 2477 3416 ³5

256 3528 336 3591 18
355 3443 854 3611 ἶξῗᾳὲιῖεξὲἕῑέΠ
900 3440 2021 3620 ffissfflssaffissg¹⁸esssuiss³12ifl>ssssffls²f²
2038 3469 2108 3601 ὃ
2100 3469 2148 3511 Π
2176 3447 2401 3622 ἓξὲξ
