2550 3875
352 1274 384 1337 1

357 1364 383 1411 1

424 178 471 241 2
1010 175 1156 231 PRO
1194 177 1256 230 P.
1297 171 1542 231 SESTIO
1580 174 1865 231 ORATIO.

428 333 609 388 multa
645 332 969 388 Ciceronem
1006 332 1098 388 vel
1134 334 1343 389 iratum
1378 333 1475 388 vel
1508 332 1791 388 dolentem
1829 333 1899 387 de
1933 331 2298 401 passionibus
2346 332 2458 387 suis

427 404 581 459 ultra
622 420 827 472 paene,
875 420 1044 472 quam
1088 420 1177 458 res
1223 406 1507 474 posceret,
1553 418 1896 473 exaggerare
1943 402 2200 471 solitum,
2247 405 2458 470 tamen,

428 474 580 543 quod
604 473 699 529 hio
734 474 956 543 prolixa
986 474 1233 544 quadam
1260 473 1732 529 turbulentissimi
1767 472 2039 543 temporis
2078 474 2459 543 descriptione

427 544 669 599 multum
702 543 1004 625 voluminis
1050 547 1316 625 occupat,
1362 561 1476 600 non
1518 542 1878 599 mediocriter
1914 542 2140 624 videtur
2179 545 2254 598 ad
2299 562 2458 625 prae·

429 616 1216 767 3332.32⁸z¹⁵3.¹{ffi1{3.‘{¹5553·
1245 614 2045 766 ηὲἓξθῖἶῗὲἓὲξῗὲιῑίῗξὲ
2080 613 2142 765 ξε,
2162 613 2460 765 ,Οὲῑῗίήὲἰζ

427 772 568 825 quas
603 772 727 825 ipse
764 754 955 811 Omero
990 772 1317 826 perpessus,
1366 758 1424 811 et
1459 756 1768 823 utihtates,
1813 770 1955 823 quas
1992 772 2053 807 1n
2086 755 2248 808 illius
2295 756 2462 809 resti-

427 825 651 880 tutione
685 825 877 896 patria
913 829 1215 882 consecuta
1250 826 1353 895 sit,
1391 828 1458 879 ut
1491 828 1644 881 reete
1682 841 1748 879 ac
1782 823 2099 879 necessario
2135 826 2198 879 P.
2243 824 2459 880 Sestius

430 898 679 951 armatos
726 896 993 953 habuisse
1042 896 1329 965 videatur,
1383 898 1684 967 propterea
1727 896 1807 949 sit
1851 896 2094 950 maxime
2139 896 2458 965 praesenti-z

430 966 679 1021 criminis
707 966 928 1021 invidia
954 967 1298 1021 liberandus.
1328 998 1395 1009 —
1426 966 1659 1035 Iudici0‚
1689 965 1779 1021 oui
1805 968 2068 1035 praeerat
2085 966 2162 1019 M.
2183 965 2458 1020 Aemilius

427 1036 667 1161 ῗοειιιτιΙιῖ
703 1040 957 1107 praetor,
993 1037 1054 1094 P.
1097 1037 1314 1092 Sestius
1351 1037 1642 1093 absolutus
1678 1038 1792 1101 est;
1837 1054 1890 1091 v.
1929 1038 2094 1106 epist.
2135 1036 2212 1089 ad
2249 1035 2316 1102 Q.
2355 1037 2458 1089 fra-

452 1125 572 1164 rem
695 1114 745 1163 4.
786 1114 833 1162 1.

564 1303 635 1370 Si
674 1304 820 1388 quis
860 1306 1071 1385 antea,
1115 1302 1380 1384 iudieeS,
1426 1301 1805 1385 mirabatur,
1852 1301 2008 1384 quid
2043 1305 2239 1385 esset,
2288 1302 2456 1386 quod

425 1416 545 1478 pro
593 1392 798 1457 tantis
847 1391 1080 1474 opibus
1126 1389 1221 1455 rei
1266 1388 1566 1473 publicae
1614 1393 1927 1472 tantaque
1972 1388 2302 1473 dignitate
2349 1391 2456 1452 im-

425 1481 591 1566 perii
654 1499 1068 1563 nequaquam
1132 1477 1297 1541 satis
1361 1476 1555 1541 multi
1619 1477 1790 1541 eives
1854 1475 2014 1541 forti
2077 1480 2145 1541 et
2218 1498 2455 1561 magno

427 1570 645 1633 animo
689 1567 1152 1648 invenirentur,
1199 1564 1313 1648 qui
1361 1564 1670 1629 auderent
1716 1585 1785 1628 se
1831 1568 1898 1629 et
1945 1564 2228 1628 salutem
2275 1586 2456 1628 suam
2522 1592 2523 1603 ¹

426 1657 498 1721 in
552 1656 900 1721 discrimen
955 1653 1184 1718 offerre
1238 1675 1359 1737 pro
1419 1655 1601 1716 statu
1653 1651 1940 1717 civitatis
1988 1656 2054 1717 et
2107 1673 2234 1734 pro
2291 1674 2455 1716 eom·
2497 1662 2518 1700 ⁵

428 1744 612 1808 muni
674 1743 1013 1825 libertate,
1076 1741 1135 1805 is
1198 1740 1327 1805 hoe
1388 1744 1681 1823 tempore
1745 1740 2018 1803 miretur
2078 1739 2344 1823 potius,
2407 1738 2456 1801 si

430 1852 623 1915 quem
668 1830 914 1893 bonum
961 1832 1027 1892 et
1071 1828 1314 1893 fortem
1361 1828 1570 1892 civem
1615 1827 1867 1911 viderit,
1914 1848 2110 1910 quam
2157 1826 2217 1890 si
2265 1848 2458 1910 quem

428 1922 543 1984 aut
602 1917 907 1982 timidum
955 1920 1069 1981 aut
1126 1916 1253 1982 sibi
1299 1916 1520 2000 potius
1568 1938 1764 2000 quam
1817 1915 1912 1980 rei
1955 1913 2258 2000 publicae
2319 1936 2459 1980 eon-

428 2007 769 2073 sulentem.
859 2004 1034 2069 Nam
1079 2009 1157 2069 ut
1202 2005 1528 2070 omittatis
1576 2005 1654 2068 de
1699 2003 1891 2068 unius
1943 2003 2258 2086 cuiusque
2309 2025 2459 2068 casu

428 2095 775 2180 cogitando
823 2093 1176 2176 reeordari,
1219 2115 1353 2157 uno
1400 2096 1669 2175 aspectu
1713 2091 1955 2155 intueri
1999 2091 2287 2174 potestis
2338 2113 2458 2172 ece,
2481 2101 2518 2140 1⁰

430 2183 544 2268 qui
599 2204 747 2246 eum
804 2184 1059 2264 senatu,
1124 2203 1272 2245 eum
1327 2180 1518 2244 bonis
1574 2179 1875 2245 omnibus
1932 2201 2070 2243 rem
2124 2179 2458 2261 publicam

430 2270 759 2336 adflictam
797 2269 1145 2334 excitarint
1190 2272 1259 2332 et
1300 2267 1646 2333 latrocinio
1693 2267 2050 2332 domestico
2097 2267 2460 2348 liberarint,

430 2362 735 2441 maestos,
782 2357 1170 2440 sordidatos,
1216 2378 1364 2421 reos
1412 2356 1488 2419 de
1536 2355 1776 2439 eapite,
1821 2357 1899 2421 de
1944 2355 2138 2438 fama,
2185 2354 2266 2420 de
2315 2355 2461 2420 eivi-

429 2449 587 2528 tate,
632 2445 709 2510 de
745 2444 1049 2528 fortunis,
1094 2445 1171 2508 de
1207 2444 1433 2508 liberis
1473 2443 1872 2527 dimicantis3
1917 2464 2030 2508 eos
2065 2447 2318 2527 autem,
2356 2442 2460 2526 qui

431 2533 651 2598 omnia
704 2533 922 2597 divina
976 2536 1044 2597 et
1098 2532 1386 2596 humana
1438 2531 1779 2615 violarint,
1831 2530 2153 2614 vexarint,
2209 2535 2461 2615 pertur-
2485 2541 2522 2580 1⁵

427 2621 677 2704 barint,
733 2621 1111 2704 everterint,
1163 2641 1298 2685 non
1353 2620 1567 2684 solum
1622 2619 1853 2684 alacris
1908 2620 2251 2702 laetosque
2309 2619 2464 2684 voli·

432 2714 592 2792 tare,
638 2710 751 2774 sed
788 2709 989 2773 etiam
1023 2707 1408 2773 fortissimis
1457 2711 1654 2791 atque
1693 2707 1960 2790 optimis
1997 2706 2254 2772 civibus
2303 2707 2465 2792 peri·

360 2825 393 2873 2
433 2799 651 2863 culum
688 2797 926 2881 moliri,
971 2797 1049 2860 de
1097 2817 1165 2860 se
1209 2795 1378 2860 nihil
1415 2795 1664 2859 timere.
1755 2794 1835 2859 In
1880 2816 2009 2878 quo
2055 2816 2210 2859 eum
2257 2796 2466 2860 multa

434 2890 588 2951 sunt
640 2885 935 2971 indigna,
997 2888 1140 2948 tum
1192 2883 1361 2948 nihil
1415 2883 1630 2948 minus
1691 2886 1793 2947 est
1835 2881 2202 2966 ferendum,
2268 2906 2464 2968 quam

433 2974 605 3059 quod
661 2973 793 3036 iam
846 2994 980 3037 non
1034 2994 1152 3055 per
1204 2973 1498 3036 latrones
1555 2992 1736 3055 suos,
1797 2992 1931 3036 non
1981 2992 2098 3055 per
2159 2971 2462 3036 homines
2485 2983 2522 3021 2⁰

433 3064 726 3147 egestate
774 3063 840 3124 et
896 3059 1133 3125 scelere
1189 3059 1509 3143 perditos,
1565 3059 1678 3124 sed
1731 3080 1849 3143 per
1901 3079 2018 3124 vos
2069 3057 2298 3142 nobis,
2356 3081 2465 3143 per

434 3149 720 3233 optimos
775 3147 949 3212 viros
1011 3147 1277 3232 optimis
1339 3146 1588 3211 civibus
1642 3147 2002 3231 perieulum
2055 3144 2304 3210 inferre
2371 3169 2465 3211 eo-

432 3239 674 3299 nantur
720 3239 813 3319 et,
867 3256 1029 3318 quos
1083 3235 1439 3319 lapidibus,
1495 3257 1660 3319 quos
1716 3234 1917 3317 ferr0,
1971 3254 2134 3318 quos
2189 3233 2466 3316 facibuS,

436 3343 598 3405 quos
635 3322 720 3406 vi,
758 3343 971 3407 manu,
1010 3323 1216 3407 copiis
1254 3323 1467 3388 delere
1503 3345 1637 3388 non
1672 3325 2044 3407 potuerunt,
2079 3321 2206 3386 hos
2246 3328 2465 3388 vestra

438 3409 859 3493 auctoritate,
904 3414 1123 3475 vestra
1167 3411 1509 3494 religione,
1563 3410 1801 3475 vestris
1848 3409 2190 3476 sententiis
2241 3432 2316 3476 se
2365 3434 2465 3494 op-
2486 3421 2520 3462 2⁵

436 3517 777 3579 pressuros
798 3497 1221 3562 arbitrantur.
1265 3497 1414 3582 Ego
1435 3501 1674 3583 autem,
1702 3498 1965 3582 iudices,
1989 3498 2314 3584 quoniam,
2344 3521 2466 3583 qua
