<?xml version="1.0" encoding="UTF-8"?>
<!DOCTYPE html PUBLIC "-//W3C//DTD XHTML 1.0 Transitional//EN"
    "http://www.w3.org/TR/xhtml1/DTD/xhtml1-transitional.dtd">
<html xmlns="http://www.w3.org/1999/xhtml" xml:lang="en" lang="en">
 <head>
  <title>
</title>
<meta http-equiv="Content-Type" content="text/html;charset=utf-8" />
  <meta name='ocr-system' content='tesseract 3.04.00' />
  <meta name='ocr-capabilities' content='ocr_page ocr_carea ocr_par ocr_line ocrx_word'/>
</head>
<body>
  <div class='ocr_page' id='page_1' title='image "./scriptaquaemans00mlgoog_0548.png"; bbox 0 0 2550 3875; ppageno 0'>
   <div class='ocr_carea' id='block_1_1' title="bbox 381 166 2122 233">
    <p class='ocr_par' dir='ltr' id='par_1_1' title="bbox 381 166 2122 233">
     <span class='ocr_line' id='line_1_1' title="bbox 381 166 2122 233; baseline -0.008 1"><span class='ocrx_word' id='word_1_1' title='bbox 381 170 514 233; x_wconf 83' lang='lat'>412</span> <span class='ocrx_word' id='word_1_2' title='bbox 657 169 737 224; x_wconf 86' lang='lat' dir='ltr'>IN</span> <span class='ocrx_word' id='word_1_3' title='bbox 774 167 850 224; x_wconf 77' lang='lat' dir='ltr'>M.</span> <span class='ocrx_word' id='word_1_4' title='bbox 889 167 1282 224; x_wconf 80' lang='lat' dir='ltr'>ANTONIUM</span> <span class='ocrx_word' id='word_1_5' title='bbox 1319 167 1586 222; x_wconf 82' lang='lat' dir='ltr'><strong>ORATIO</strong></span> <span class='ocrx_word' id='word_1_6' title='bbox 1622 166 2027 222; x_wconf 87' lang='lat' dir='ltr'>PHILIPPICA</span> <span class='ocrx_word' id='word_1_7' title='bbox 2064 168 2122 221; x_wconf 92' lang='grc' dir='ltr'>ΙΙ</span> 
     </span>
    </p>
   </div>
   <div class='ocr_carea' id='block_1_2' title="bbox 274 330 2512 3588">
    <p class='ocr_par' dir='ltr' id='par_1_2' title="bbox 274 330 2512 3588">
     <span class='ocr_line' id='line_1_2' title="bbox 381 330 2436 415; baseline -0 -20"><span class='ocrx_word' id='word_1_8' title='bbox 381 331 876 396; x_wconf 84' lang='lat' dir='ltr'>Testamentum</span> <span class='ocrx_word' id='word_1_9' title='bbox 912 331 1174 394; x_wconf 91' lang='lat' dir='ltr'>irritum</span> <span class='ocrx_word' id='word_1_10' title='bbox 1210 330 1386 414; x_wconf 91' lang='lat' dir='ltr'>fecit,</span> <span class='ocrx_word' id='word_1_11' title='bbox 1430 332 1603 415; x_wconf 92' lang='lat' dir='ltr'>quod</span> <span class='ocrx_word' id='word_1_12' title='bbox 1639 331 1840 394; x_wconf 89' lang='lat' dir='ltr'>etiam</span> <span class='ocrx_word' id='word_1_13' title='bbox 1875 330 2119 394; x_wconf 84' lang='lat' dir='ltr'>infimis</span> <span class='ocrx_word' id='word_1_14' title='bbox 2159 331 2436 395; x_wconf 80' lang='lat' dir='ltr'>civibus</span> 
     </span>
     <span class='ocr_line' id='line_1_3' title="bbox 384 417 2433 504; baseline -0.001 -20"><span class='ocrx_word' id='word_1_15' title='bbox 384 441 638 504; x_wconf 82' lang='lat' dir='ltr'>semper</span> <span class='ocrx_word' id='word_1_16' title='bbox 694 422 1039 503; x_wconf 87' lang='lat' dir='ltr'>optentum</span> <span class='ocrx_word' id='word_1_17' title='bbox 1095 423 1211 483; x_wconf 88' lang='lat' dir='ltr'>est.</span> <span class='ocrx_word' id='word_1_18' title='bbox 1317 417 1546 504; x_wconf 87' lang='lat' dir='ltr'>Signa,</span> <span class='ocrx_word' id='word_1_19' title='bbox 1605 419 1892 502; x_wconf 74' lang='lat' dir='ltr'>tabulaS,</span> <span class='ocrx_word' id='word_1_20' title='bbox 1948 439 2110 502; x_wconf 87' lang='lat' dir='ltr'>quas</span> <span class='ocrx_word' id='word_1_21' title='bbox 2165 420 2433 503; x_wconf 90' lang='lat' dir='ltr'>populo</span> 
     </span>
     <span class='ocr_line' id='line_1_4' title="bbox 383 506 2432 592; baseline -0.001 -20"><span class='ocrx_word' id='word_1_22' title='bbox 383 507 623 572; x_wconf 89' lang='lat' dir='ltr'>Caesar</span> <span class='ocrx_word' id='word_1_23' title='bbox 667 529 797 571; x_wconf 90' lang='lat' dir='ltr'>una</span> <span class='ocrx_word' id='word_1_24' title='bbox 842 529 990 572; x_wconf 91' lang='lat' dir='ltr'>cum</span> <span class='ocrx_word' id='word_1_25' title='bbox 1026 507 1239 571; x_wconf 91' lang='lat' dir='ltr'>hortis</span> <span class='ocrx_word' id='word_1_26' title='bbox 1276 507 1540 592; x_wconf 84' lang='lat' dir='ltr'>legavit,</span> <span class='ocrx_word' id='word_1_27' title='bbox 1587 529 1696 572; x_wconf 88' lang='lat' dir='ltr'>eas</span> <span class='ocrx_word' id='word_1_28' title='bbox 1731 507 1840 571; x_wconf 86' lang='lat' dir='ltr'>hic</span> <span class='ocrx_word' id='word_1_29' title='bbox 1877 507 2121 590; x_wconf 87' lang='lat' dir='ltr'>partim</span> <span class='ocrx_word' id='word_1_30' title='bbox 2158 506 2229 570; x_wconf 91' lang='lat' dir='ltr'>in</span> <span class='ocrx_word' id='word_1_31' title='bbox 2265 506 2432 572; x_wconf 89' lang='lat' dir='ltr'>hor·</span> 
     </span>
     <span class='ocr_line' id='line_1_5' title="bbox 381 593 2313 680; baseline -0.001 -20"><span class='ocrx_word' id='word_1_32' title='bbox 381 600 488 661; x_wconf 86' lang='lat' dir='ltr'>tos</span> <span class='ocrx_word' id='word_1_33' title='bbox 533 594 806 679; x_wconf 81' lang='lat' dir='ltr'>Pompei</span> <span class='ocrx_word' id='word_1_34' title='bbox 852 595 1246 679; x_wconf 75' lang='lat' dir='ltr'>deportavit,</span> <span class='ocrx_word' id='word_1_35' title='bbox 1292 596 1537 680; x_wconf 91' lang='lat' dir='ltr'>partim</span> <span class='ocrx_word' id='word_1_36' title='bbox 1582 595 1650 660; x_wconf 89' lang='lat' dir='ltr'>in</span> <span class='ocrx_word' id='word_1_37' title='bbox 1695 595 1920 660; x_wconf 83' lang='lat' dir='ltr'>villam</span> <span class='ocrx_word' id='word_1_38' title='bbox 1967 593 2313 677; x_wconf 79' lang='lat' dir='ltr'><strong>Scipionis.</strong></span> 
     </span>
     <span class='ocr_line' id='line_1_6' title="bbox 274 666 2512 768; baseline -0.003 -20"><span class='ocrx_word' id='word_1_39' title='bbox 274 666 360 729; x_wconf 87' lang='lat'>43</span> <span class='ocrx_word' id='word_1_40' title='bbox 513 683 606 748; x_wconf 85' lang='lat' dir='ltr'>Et</span> <span class='ocrx_word' id='word_1_41' title='bbox 642 687 718 747; x_wconf 94' lang='lat' dir='ltr'>tu</span> <span class='ocrx_word' id='word_1_42' title='bbox 753 685 824 748; x_wconf 89' lang='lat' dir='ltr'>in</span> <span class='ocrx_word' id='word_1_43' title='bbox 861 682 1159 749; x_wconf 82' lang='lat' dir='ltr'>Caesaris</span> <span class='ocrx_word' id='word_1_44' title='bbox 1196 683 1511 749; x_wconf 87' lang='lat' dir='ltr'>memoria</span> <span class='ocrx_word' id='word_1_45' title='bbox 1547 683 1845 768; x_wconf 90' lang='lat' dir='ltr'>diligens,</span> <span class='ocrx_word' id='word_1_46' title='bbox 1886 687 1961 748; x_wconf 93' lang='lat' dir='ltr'>tu</span> <span class='ocrx_word' id='word_1_47' title='bbox 1997 683 2186 747; x_wconf 94' lang='lat' dir='ltr'>illum</span> <span class='ocrx_word' id='word_1_48' title='bbox 2225 705 2424 747; x_wconf 88' lang='lat' dir='ltr'>amas</span> <span class='ocrx_word' id='word_1_49' title='bbox 2485 698 2512 740; x_wconf 67' lang='grc' dir='ltr'><strong><em>ε</em></strong></span> 
     </span>
     <span class='ocr_line' id='line_1_7' title="bbox 279 754 2425 848; baseline 0 -12"><span class='ocrx_word' id='word_1_50' title='bbox 279 754 759 836; x_wconf 75' lang='lat' dir='ltr'>ll⁰mortuum‘?</span> <span class='ocrx_word' id='word_1_51' title='bbox 870 770 1078 848; x_wconf 83' lang='lat' dir='ltr'><strong>Quem</strong></span> <span class='ocrx_word' id='word_1_52' title='bbox 1141 772 1198 838; x_wconf 88' lang='lat' dir='ltr'>is</span> <span class='ocrx_word' id='word_1_53' title='bbox 1261 773 1578 836; x_wconf 86' lang='lat' dir='ltr'><strong>honorem</strong></span> <span class='ocrx_word' id='word_1_54' title='bbox 1643 771 1958 836; x_wconf 90' lang='lat' dir='ltr'>maiorem</span> <span class='ocrx_word' id='word_1_55' title='bbox 2022 776 2425 836; x_wconf 88' lang='lat' dir='ltr'>consecutus</span> 
     </span>
     <span class='ocr_line' id='line_1_8' title="bbox 382 858 2425 944; baseline 0 -20"><span class='ocrx_word' id='word_1_56' title='bbox 382 864 541 943; x_wconf 87' lang='lat' dir='ltr'>erat,</span> <span class='ocrx_word' id='word_1_57' title='bbox 580 882 778 944; x_wconf 90' lang='lat' dir='ltr'>quam</span> <span class='ocrx_word' id='word_1_58' title='bbox 810 863 886 924; x_wconf 89' lang='lat' dir='ltr'>ut</span> <span class='ocrx_word' id='word_1_59' title='bbox 913 860 1186 924; x_wconf 87' lang='lat' dir='ltr'>haberet</span> <span class='ocrx_word' id='word_1_60' title='bbox 1214 859 1534 944; x_wconf 82' lang='lat' dir='ltr'>pulvinar,</span> <span class='ocrx_word' id='word_1_61' title='bbox 1571 859 2010 943; x_wconf 78' lang='lat' dir='ltr'><strong>simulacrum,</strong></span> <span class='ocrx_word' id='word_1_62' title='bbox 2046 858 2425 944; x_wconf 87' lang='lat' dir='ltr'>fastigium,</span> 
     </span>
     <span class='ocr_line' id='line_1_9' title="bbox 380 946 2423 1032; baseline -0 -20"><span class='ocrx_word' id='word_1_63' title='bbox 380 947 756 1012; x_wconf 80' lang='lat' dir='ltr'>flaminem?</span> <span class='ocrx_word' id='word_1_64' title='bbox 855 947 981 1012; x_wconf 85' lang='lat' dir='ltr'>Est</span> <span class='ocrx_word' id='word_1_65' title='bbox 1036 967 1192 1032; x_wconf 90' lang='lat' dir='ltr'>ergo</span> <span class='ocrx_word' id='word_1_66' title='bbox 1248 948 1512 1031; x_wconf 89' lang='lat' dir='ltr'>flamen,</span> <span class='ocrx_word' id='word_1_67' title='bbox 1568 952 1643 1011; x_wconf 89' lang='lat' dir='ltr'>ut</span> <span class='ocrx_word' id='word_1_68' title='bbox 1697 947 1866 1030; x_wconf 82' lang='lat' dir='ltr'>Iovi,</span> <span class='ocrx_word' id='word_1_69' title='bbox 1920 952 1996 1012; x_wconf 91' lang='lat' dir='ltr'>ut</span> <span class='ocrx_word' id='word_1_70' title='bbox 2049 946 2284 1032; x_wconf 84' lang='lat' dir='ltr'>Marti,</span> <span class='ocrx_word' id='word_1_71' title='bbox 2341 952 2423 1012; x_wconf 90' lang='lat' dir='ltr'>ut</span> 
     </span>
     <span class='ocr_line' id='line_1_10' title="bbox 383 1032 2422 1120; baseline 0 -20"><span class='ocrx_word' id='word_1_72' title='bbox 383 1035 676 1119; x_wconf 89' lang='lat' dir='ltr'>Quirino,</span> <span class='ocrx_word' id='word_1_73' title='bbox 722 1036 817 1101; x_wconf 89' lang='lat' dir='ltr'>sic</span> <span class='ocrx_word' id='word_1_74' title='bbox 861 1035 1013 1101; x_wconf 84' lang='lat' dir='ltr'>divo</span> <span class='ocrx_word' id='word_1_75' title='bbox 1056 1034 1226 1099; x_wconf 92' lang='lat' dir='ltr'>Iulio</span> <span class='ocrx_word' id='word_1_76' title='bbox 1264 1035 1351 1099; x_wconf 93' lang='lat' dir='ltr'>M.</span> <span class='ocrx_word' id='word_1_77' title='bbox 1390 1036 1736 1101; x_wconf 67' lang='lat' dir='ltr'>Antonius</span> <span class='ocrx_word' id='word_1_78' title='bbox 1810 1032 1979 1111; x_wconf 86' lang='lat' dir='ltr'><strong>Quid</strong></span> <span class='ocrx_word' id='word_1_79' title='bbox 2024 1035 2234 1120; x_wconf 84' lang='lat' dir='ltr'>igitur</span> <span class='ocrx_word' id='word_1_80' title='bbox 2280 1058 2422 1101; x_wconf 90' lang='lat' dir='ltr'>ces-</span> 
     </span>
     <span class='ocr_line' id='line_1_11' title="bbox 381 1123 2508 1208; baseline -0.001 -19"><span class='ocrx_word' id='word_1_81' title='bbox 381 1125 532 1189; x_wconf 78' lang='lat' dir='ltr'>sas?</span> <span class='ocrx_word' id='word_1_82' title='bbox 580 1146 695 1189; x_wconf 94' lang='lat' dir='ltr'>cur</span> <span class='ocrx_word' id='word_1_83' title='bbox 739 1145 871 1189; x_wconf 93' lang='lat' dir='ltr'>non</span> <span class='ocrx_word' id='word_1_84' title='bbox 916 1124 1376 1208; x_wconf 75' lang='lat' dir='ltr'>inauguraris?</span> <span class='ocrx_word' id='word_1_85' title='bbox 1475 1124 1671 1188; x_wconf 87' lang='lat' dir='ltr'><strong>Sume</strong></span> <span class='ocrx_word' id='word_1_86' title='bbox 1719 1124 1916 1206; x_wconf 90' lang='lat' dir='ltr'>diem,</span> <span class='ocrx_word' id='word_1_87' title='bbox 1961 1123 2133 1207; x_wconf 84' lang='lat' dir='ltr'>vide,</span> <span class='ocrx_word' id='word_1_88' title='bbox 2181 1124 2296 1208; x_wconf 90' lang='lat' dir='ltr'>qui</span> <span class='ocrx_word' id='word_1_89' title='bbox 2349 1130 2418 1188; x_wconf 91' lang='lat' dir='ltr'>te</span> <span class='ocrx_word' id='word_1_90' title='bbox 2455 1141 2508 1181; x_wconf 78' lang='grc' dir='ltr'>ιο</span> 
     </span>
     <span class='ocr_line' id='line_1_12' title="bbox 378 1211 2420 1298; baseline 0 -22"><span class='ocrx_word' id='word_1_91' title='bbox 378 1214 759 1298; x_wconf 84' lang='lat' dir='ltr'>inauguret3</span> <span class='ocrx_word' id='word_1_92' title='bbox 805 1212 1113 1297; x_wconf 82' lang='lat' dir='ltr'>conlegae</span> <span class='ocrx_word' id='word_1_93' title='bbox 1153 1233 1405 1295; x_wconf 83' lang='lat' dir='ltr'>sumus3</span> <span class='ocrx_word' id='word_1_94' title='bbox 1445 1233 1636 1277; x_wconf 89' lang='lat' dir='ltr'>nemo</span> <span class='ocrx_word' id='word_1_95' title='bbox 1671 1212 1960 1297; x_wconf 76' lang='lat' dir='ltr'>negabit.</span> <span class='ocrx_word' id='word_1_96' title='bbox 2036 1211 2089 1277; x_wconf 92' lang='grc' dir='ltr'>Ο</span> <span class='ocrx_word' id='word_1_97' title='bbox 2130 1212 2420 1276; x_wconf 89' lang='lat' dir='ltr'>detesta-</span> 
     </span>
     <span class='ocr_line' id='line_1_13' title="bbox 380 1299 2418 1384; baseline 0 -19"><span class='ocrx_word' id='word_1_98' title='bbox 380 1301 581 1365; x_wconf 87' lang='lat' dir='ltr'><strong>bilem</strong></span> <span class='ocrx_word' id='word_1_99' title='bbox 607 1300 959 1383; x_wconf 89' lang='lat' dir='ltr'>hominem,</span> <span class='ocrx_word' id='word_1_100' title='bbox 988 1301 1121 1365; x_wconf 86' lang='lat' dir='ltr'>sive</span> <span class='ocrx_word' id='word_1_101' title='bbox 1153 1302 1284 1382; x_wconf 89' lang='lat' dir='ltr'>[eo]</span> <span class='ocrx_word' id='word_1_102' title='bbox 1318 1301 1490 1384; x_wconf 90' lang='lat' dir='ltr'>quod</span> <span class='ocrx_word' id='word_1_103' title='bbox 1519 1299 1816 1366; x_wconf 82' lang='lat' dir='ltr'>Caesaris</span> <span class='ocrx_word' id='word_1_104' title='bbox 1846 1300 2146 1365; x_wconf 86' lang='lat' dir='ltr'>sacerdos</span> <span class='ocrx_word' id='word_1_105' title='bbox 2174 1322 2245 1364; x_wconf 88' lang='lat' dir='ltr'>es</span> <span class='ocrx_word' id='word_1_106' title='bbox 2273 1302 2418 1365; x_wconf 84' lang='lat' dir='ltr'>sive</span> 
     </span>
     <span class='ocr_line' id='line_1_14' title="bbox 382 1384 2414 1473; baseline -0 -19"><span class='ocrx_word' id='word_1_107' title='bbox 382 1389 555 1473; x_wconf 92' lang='lat' dir='ltr'>quod</span> <span class='ocrx_word' id='word_1_108' title='bbox 604 1387 874 1453; x_wconf 83' lang='lat' dir='ltr'>mortui!</span> <span class='ocrx_word' id='word_1_109' title='bbox 966 1384 1221 1463; x_wconf 86' lang='lat' dir='ltr'>Quaero</span> <span class='ocrx_word' id='word_1_110' title='bbox 1269 1388 1599 1472; x_wconf 84' lang='lat' dir='ltr'><strong>deinceps,</strong></span> <span class='ocrx_word' id='word_1_111' title='bbox 1644 1410 1828 1470; x_wconf 89' lang='lat' dir='ltr'>num,</span> <span class='ocrx_word' id='word_1_112' title='bbox 1873 1388 2224 1452; x_wconf 88' lang='lat' dir='ltr'>hodiernus</span> <span class='ocrx_word' id='word_1_113' title='bbox 2271 1389 2414 1454; x_wconf 89' lang='lat' dir='ltr'>dies</span> 
     </span>
     <span class='ocr_line' id='line_1_15' title="bbox 381 1475 2498 1649; baseline -0.003 -22"><span class='ocrx_word' id='word_1_114' title='bbox 381 1475 1484 1630; x_wconf 50' lang='lat' dir='ltr'>fflissfffflifflssssorffssmissssiss</span> <span class='ocrx_word' id='word_1_115' title='bbox 1531 1481 1863 1629; x_wconf 48' lang='lat' dir='ltr'>2³3¹?ssssss</span> <span class='ocrx_word' id='word_1_116' title='bbox 1882 1475 2413 1649; x_wconf 55' lang='lat' dir='ltr'>iipsffifaoeadffissffi</span> <span class='ocrx_word' id='word_1_117' title='bbox 2447 1583 2498 1622; x_wconf 45' lang='grc' dir='ltr'>ιε,</span> 
     </span>
     <span class='ocr_line' id='line_1_16' title="bbox 380 1651 2412 1737; baseline 0 -22"><span class='ocrx_word' id='word_1_118' title='bbox 380 1652 609 1737; x_wconf 90' lang='lat' dir='ltr'>pulum</span> <span class='ocrx_word' id='word_1_119' title='bbox 663 1651 922 1735; x_wconf 87' lang='lat' dir='ltr'>tulisse,</span> <span class='ocrx_word' id='word_1_120' title='bbox 977 1656 1054 1716; x_wconf 90' lang='lat' dir='ltr'>ut</span> <span class='ocrx_word' id='word_1_121' title='bbox 1106 1653 1373 1736; x_wconf 88' lang='lat' dir='ltr'>quintus</span> <span class='ocrx_word' id='word_1_122' title='bbox 1419 1657 1757 1735; x_wconf 85' lang='lat' dir='ltr'>praeterea</span> <span class='ocrx_word' id='word_1_123' title='bbox 1802 1653 1940 1717; x_wconf 89' lang='lat' dir='ltr'>dies</span> <span class='ocrx_word' id='word_1_124' title='bbox 1987 1651 2253 1718; x_wconf 85' lang='lat' dir='ltr'>Caesari</span> <span class='ocrx_word' id='word_1_125' title='bbox 2299 1654 2412 1717; x_wconf 89' lang='lat' dir='ltr'>tri-</span> 
     </span>
     <span class='ocr_line' id='line_1_17' title="bbox 382 1738 2411 1825; baseline 0.001 -22"><span class='ocrx_word' id='word_1_126' title='bbox 382 1740 736 1804; x_wconf 80' lang='lat' dir='ltr'>bueretur?</span> <span class='ocrx_word' id='word_1_127' title='bbox 820 1738 953 1805; x_wconf 92' lang='lat' dir='ltr'>Cur</span> <span class='ocrx_word' id='word_1_128' title='bbox 995 1762 1130 1805; x_wconf 89' lang='lat' dir='ltr'>non</span> <span class='ocrx_word' id='word_1_129' title='bbox 1175 1762 1400 1805; x_wconf 88' lang='lat' dir='ltr'>sumus</span> <span class='ocrx_word' id='word_1_130' title='bbox 1445 1740 1885 1825; x_wconf 80' lang='lat' dir='ltr'>praetextati?</span> <span class='ocrx_word' id='word_1_131' title='bbox 1933 1762 2047 1806; x_wconf 92' lang='lat' dir='ltr'>cur</span> <span class='ocrx_word' id='word_1_132' title='bbox 2090 1741 2411 1806; x_wconf 86' lang='lat' dir='ltr'>honorem</span> 
     </span>
     <span class='ocr_line' id='line_1_18' title="bbox 383 1826 2412 1914; baseline 0 -21"><span class='ocrx_word' id='word_1_133' title='bbox 383 1826 681 1893; x_wconf 87' lang='lat' dir='ltr'>Caesaris</span> <span class='ocrx_word' id='word_1_134' title='bbox 736 1832 853 1892; x_wconf 88' lang='lat' dir='ltr'>tua</span> <span class='ocrx_word' id='word_1_135' title='bbox 906 1829 1051 1913; x_wconf 88' lang='lat' dir='ltr'>lege</span> <span class='ocrx_word' id='word_1_136' title='bbox 1108 1829 1334 1893; x_wconf 91' lang='lat' dir='ltr'>datum</span> <span class='ocrx_word' id='word_1_137' title='bbox 1391 1829 1598 1894; x_wconf 85' lang='lat' dir='ltr'>deseri</span> <span class='ocrx_word' id='word_1_138' title='bbox 1647 1829 1981 1914; x_wconf 80' lang='lat' dir='ltr'>patimur?</span> <span class='ocrx_word' id='word_1_139' title='bbox 2039 1850 2124 1893; x_wconf 89' lang='lat' dir='ltr'>an</span> <span class='ocrx_word' id='word_1_140' title='bbox 2170 1830 2412 1914; x_wconf 85' lang='lat' dir='ltr'>suppli-</span> 
     </span>
     <span class='ocr_line' id='line_1_19' title="bbox 383 1916 2408 2003; baseline 0.001 -22"><span class='ocrx_word' id='word_1_141' title='bbox 383 1917 673 1982; x_wconf 85' lang='lat' dir='ltr'>cationes</span> <span class='ocrx_word' id='word_1_142' title='bbox 713 1916 1001 1981; x_wconf 90' lang='lat' dir='ltr'>addendo</span> <span class='ocrx_word' id='word_1_143' title='bbox 1042 1916 1212 1982; x_wconf 90' lang='lat' dir='ltr'>diem</span> <span class='ocrx_word' id='word_1_144' title='bbox 1250 1917 1683 1982; x_wconf 89' lang='lat' dir='ltr'>contaminari</span> <span class='ocrx_word' id='word_1_145' title='bbox 1719 1939 1952 2003; x_wconf 86' lang='lat' dir='ltr'>passus</span> <span class='ocrx_word' id='word_1_146' title='bbox 1989 1940 2078 2001; x_wconf 86' lang='lat' dir='ltr'>es,</span> <span class='ocrx_word' id='word_1_147' title='bbox 2118 1919 2408 2003; x_wconf 80' lang='lat' dir='ltr'>pulvina-</span> 
     </span>
     <span class='ocr_line' id='line_1_20' title="bbox 382 2005 2492 2092; baseline 0.002 -23"><span class='ocrx_word' id='word_1_148' title='bbox 382 2006 481 2069; x_wconf 88' lang='lat' dir='ltr'>ria</span> <span class='ocrx_word' id='word_1_149' title='bbox 554 2005 983 2071; x_wconf 91' lang='lat' dir='ltr'>contaminari</span> <span class='ocrx_word' id='word_1_150' title='bbox 1046 2006 1366 2071; x_wconf 80' lang='lat' dir='ltr'>noluisti?</span> <span class='ocrx_word' id='word_1_151' title='bbox 1475 2006 1614 2071; x_wconf 90' lang='lat' dir='ltr'>Aut</span> <span class='ocrx_word' id='word_1_152' title='bbox 1678 2006 1961 2089; x_wconf 87' lang='lat' dir='ltr'>undique</span> <span class='ocrx_word' id='word_1_153' title='bbox 2025 2007 2410 2092; x_wconf 89' lang='lat' dir='ltr'>religionem</span> <span class='ocrx_word' id='word_1_154' title='bbox 2439 2034 2492 2073; x_wconf 68' lang='lat' dir='ltr'>zo</span> 
     </span>
     <span class='ocr_line' id='line_1_21' title="bbox 279 2093 2410 2179; baseline 0 -19"><span class='ocrx_word' id='word_1_155' title='bbox 279 2112 375 2161; x_wconf 89' lang='lat'>111</span> <span class='ocrx_word' id='word_1_156' title='bbox 392 2094 552 2158; x_wconf 85' lang='lat' dir='ltr'>tolle</span> <span class='ocrx_word' id='word_1_157' title='bbox 599 2097 714 2158; x_wconf 88' lang='lat' dir='ltr'>aut</span> <span class='ocrx_word' id='word_1_158' title='bbox 757 2115 963 2176; x_wconf 89' lang='lat' dir='ltr'>usque</span> <span class='ocrx_word' id='word_1_159' title='bbox 1011 2116 1264 2179; x_wconf 92' lang='lat' dir='ltr'>quaque</span> <span class='ocrx_word' id='word_1_160' title='bbox 1313 2116 1640 2159; x_wconf 80' lang='lat' dir='ltr'>conserva.</span> <span class='ocrx_word' id='word_1_161' title='bbox 1734 2093 2024 2171; x_wconf 89' lang='lat' dir='ltr'>Quaeris,</span> <span class='ocrx_word' id='word_1_162' title='bbox 2070 2096 2410 2177; x_wconf 83' lang='lat' dir='ltr'>placeatne</span> 
     </span>
     <span class='ocr_line' id='line_1_22' title="bbox 381 2181 2408 2268; baseline 0.002 -24"><span class='ocrx_word' id='word_1_163' title='bbox 381 2181 545 2244; x_wconf 92' lang='lat' dir='ltr'>mihi</span> <span class='ocrx_word' id='word_1_164' title='bbox 599 2182 901 2265; x_wconf 85' lang='lat' dir='ltr'>pulvinar</span> <span class='ocrx_word' id='word_1_165' title='bbox 952 2203 1120 2264; x_wconf 88' lang='lat' dir='ltr'>esse,</span> <span class='ocrx_word' id='word_1_166' title='bbox 1175 2182 1547 2268; x_wconf 85' lang='lat' dir='ltr'>fastigium,</span> <span class='ocrx_word' id='word_1_167' title='bbox 1603 2182 1950 2247; x_wconf 87' lang='lat' dir='ltr'>flaminem.</span> <span class='ocrx_word' id='word_1_168' title='bbox 2040 2182 2210 2247; x_wconf 91' lang='lat' dir='ltr'><strong>Mihi</strong></span> <span class='ocrx_word' id='word_1_169' title='bbox 2257 2206 2408 2249; x_wconf 85' lang='lat' dir='ltr'>vero</span> 
     </span>
     <span class='ocr_line' id='line_1_23' title="bbox 379 2268 2410 2355; baseline 0.002 -23"><span class='ocrx_word' id='word_1_170' title='bbox 379 2268 548 2333; x_wconf 88' lang='lat' dir='ltr'>nihil</span> <span class='ocrx_word' id='word_1_171' title='bbox 585 2269 865 2334; x_wconf 85' lang='lat' dir='ltr'>istorum</span> <span class='ocrx_word' id='word_1_172' title='bbox 902 2270 1144 2354; x_wconf 83' lang='lat' dir='ltr'>placet3</span> <span class='ocrx_word' id='word_1_173' title='bbox 1182 2271 1296 2335; x_wconf 86' lang='lat' dir='ltr'>sed</span> <span class='ocrx_word' id='word_1_174' title='bbox 1324 2275 1416 2354; x_wconf 89' lang='lat' dir='ltr'>tu,</span> <span class='ocrx_word' id='word_1_175' title='bbox 1455 2272 1568 2354; x_wconf 87' lang='lat' dir='ltr'>qui</span> <span class='ocrx_word' id='word_1_176' title='bbox 1596 2276 1745 2336; x_wconf 87' lang='lat' dir='ltr'>acta</span> <span class='ocrx_word' id='word_1_177' title='bbox 1773 2269 2072 2336; x_wconf 84' lang='lat' dir='ltr'>Caesaris</span> <span class='ocrx_word' id='word_1_178' title='bbox 2101 2271 2410 2355; x_wconf 82' lang='lat' dir='ltr'>defendiS,</span> 
     </span>
     <span class='ocr_line' id='line_1_24' title="bbox 382 2355 2409 2442; baseline 0.001 -22"><span class='ocrx_word' id='word_1_179' title='bbox 382 2355 539 2439; x_wconf 92' lang='lat' dir='ltr'>quid</span> <span class='ocrx_word' id='word_1_180' title='bbox 584 2360 774 2440; x_wconf 89' lang='lat' dir='ltr'>potes</span> <span class='ocrx_word' id='word_1_181' title='bbox 822 2357 1059 2435; x_wconf 90' lang='lat' dir='ltr'>dicere,</span> <span class='ocrx_word' id='word_1_182' title='bbox 1111 2379 1226 2423; x_wconf 92' lang='lat' dir='ltr'>cur</span> <span class='ocrx_word' id='word_1_183' title='bbox 1272 2358 1403 2423; x_wconf 87' lang='lat' dir='ltr'>alia</span> <span class='ocrx_word' id='word_1_184' title='bbox 1448 2358 1778 2442; x_wconf 84' lang='lat' dir='ltr'>defendas,</span> <span class='ocrx_word' id='word_1_185' title='bbox 1825 2359 1954 2423; x_wconf 88' lang='lat' dir='ltr'>alia</span> <span class='ocrx_word' id='word_1_186' title='bbox 1998 2380 2132 2424; x_wconf 90' lang='lat' dir='ltr'>non</span> <span class='ocrx_word' id='word_1_187' title='bbox 2179 2361 2409 2425; x_wconf 78' lang='lat' dir='ltr'>cures?</span> 
     </span>
     <span class='ocr_line' id='line_1_25' title="bbox 380 2443 2482 2531; baseline 0.002 -23"><span class='ocrx_word' id='word_1_188' title='bbox 380 2443 531 2508; x_wconf 92' lang='lat' dir='ltr'>Nisi</span> <span class='ocrx_word' id='word_1_189' title='bbox 575 2443 746 2508; x_wconf 88' lang='lat' dir='ltr'>forte</span> <span class='ocrx_word' id='word_1_190' title='bbox 794 2445 893 2509; x_wconf 86' lang='lat' dir='ltr'>vis</span> <span class='ocrx_word' id='word_1_191' title='bbox 937 2444 1131 2509; x_wconf 88' lang='lat' dir='ltr'>fateri</span> <span class='ocrx_word' id='word_1_192' title='bbox 1178 2450 1245 2511; x_wconf 88' lang='lat' dir='ltr'>te</span> <span class='ocrx_word' id='word_1_193' title='bbox 1293 2447 1512 2511; x_wconf 89' lang='lat' dir='ltr'>omnia</span> <span class='ocrx_word' id='word_1_194' title='bbox 1557 2450 1831 2531; x_wconf 88' lang='lat' dir='ltr'>quaestu</span> <span class='ocrx_word' id='word_1_195' title='bbox 1877 2452 2012 2530; x_wconf 90' lang='lat' dir='ltr'>tu0,</span> <span class='ocrx_word' id='word_1_196' title='bbox 2055 2468 2192 2512; x_wconf 89' lang='lat' dir='ltr'>non</span> <span class='ocrx_word' id='word_1_197' title='bbox 2231 2448 2406 2512; x_wconf 89' lang='lat' dir='ltr'>illius</span> <span class='ocrx_word' id='word_1_198' title='bbox 2434 2475 2482 2515; x_wconf 58' lang='grc' dir='ltr'>π</span> 
     </span>
     <span class='ocr_line' id='line_1_26' title="bbox 381 2532 2405 2619; baseline 0.002 -24"><span class='ocrx_word' id='word_1_199' title='bbox 381 2532 705 2617; x_wconf 89' lang='lat' dir='ltr'>dignitate</span> <span class='ocrx_word' id='word_1_200' title='bbox 744 2533 980 2598; x_wconf 89' lang='lat' dir='ltr'>metiri.</span> <span class='ocrx_word' id='word_1_201' title='bbox 1045 2532 1215 2608; x_wconf 84' lang='lat' dir='ltr'>Quid</span> <span class='ocrx_word' id='word_1_202' title='bbox 1251 2535 1334 2598; x_wconf 88' lang='lat' dir='ltr'>ad</span> <span class='ocrx_word' id='word_1_203' title='bbox 1368 2534 1530 2599; x_wconf 91' lang='lat' dir='ltr'>haec</span> <span class='ocrx_word' id='word_1_204' title='bbox 1566 2535 1874 2599; x_wconf 80' lang='lat' dir='ltr'>tandem?</span> <span class='ocrx_word' id='word_1_205' title='bbox 1921 2540 2196 2619; x_wconf 82' lang='lat' dir='ltr'>expecto</span> <span class='ocrx_word' id='word_1_206' title='bbox 2235 2537 2405 2601; x_wconf 90' lang='lat' dir='ltr'>enim</span> 
     </span>
     <span class='ocr_line' id='line_1_27' title="bbox 383 2620 2403 2707; baseline 0.003 -24"><span class='ocrx_word' id='word_1_207' title='bbox 383 2620 821 2704; x_wconf 88' lang='lat' dir='ltr'>eloquentiam</span> <span class='ocrx_word' id='word_1_208' title='bbox 861 2627 1058 2686; x_wconf 87' lang='lat' dir='ltr'>tuam.</span> <span class='ocrx_word' id='word_1_209' title='bbox 1113 2620 1640 2687; x_wconf 88' lang='lat' dir='ltr'>Disertissimum</span> <span class='ocrx_word' id='word_1_210' title='bbox 1675 2624 1951 2707; x_wconf 83' lang='lat' dir='ltr'>cognovi</span> <span class='ocrx_word' id='word_1_211' title='bbox 1981 2645 2175 2689; x_wconf 85' lang='lat' dir='ltr'>avum</span> <span class='ocrx_word' id='word_1_212' title='bbox 2204 2628 2403 2706; x_wconf 82' lang='lat' dir='ltr'>tuum,</span> 
     </span>
     <span class='ocr_line' id='line_1_28' title="bbox 380 2709 2403 2795; baseline 0.002 -23"><span class='ocrx_word' id='word_1_213' title='bbox 380 2713 452 2772; x_wconf 87' lang='lat' dir='ltr'>at</span> <span class='ocrx_word' id='word_1_214' title='bbox 516 2712 582 2773; x_wconf 82' lang='lat' dir='ltr'>te</span> <span class='ocrx_word' id='word_1_215' title='bbox 646 2709 847 2773; x_wconf 88' lang='lat' dir='ltr'>etiam</span> <span class='ocrx_word' id='word_1_216' title='bbox 915 2711 1309 2794; x_wconf 89' lang='lat' dir='ltr'>apertiorem</span> <span class='ocrx_word' id='word_1_217' title='bbox 1365 2712 1433 2775; x_wconf 90' lang='lat' dir='ltr'>in</span> <span class='ocrx_word' id='word_1_218' title='bbox 1487 2711 1774 2775; x_wconf 90' lang='lat' dir='ltr'>dicendo.</span> <span class='ocrx_word' id='word_1_219' title='bbox 1873 2710 1996 2775; x_wconf 92' lang='lat' dir='ltr'>Ille</span> <span class='ocrx_word' id='word_1_220' title='bbox 2050 2734 2403 2795; x_wconf 88' lang='lat' dir='ltr'>numquam</span> 
     </span>
     <span class='ocr_line' id='line_1_29' title="bbox 376 2796 2400 2885; baseline 0.002 -24"><span class='ocrx_word' id='word_1_221' title='bbox 376 2796 590 2862; x_wconf 89' lang='lat' dir='ltr'>nudus</span> <span class='ocrx_word' id='word_1_222' title='bbox 638 2801 741 2862; x_wconf 88' lang='lat' dir='ltr'>est</span> <span class='ocrx_word' id='word_1_223' title='bbox 786 2798 1223 2881; x_wconf 90' lang='lat' dir='ltr'>contionatus,</span> <span class='ocrx_word' id='word_1_224' title='bbox 1267 2803 1457 2863; x_wconf 90' lang='lat' dir='ltr'>tuum</span> <span class='ocrx_word' id='word_1_225' title='bbox 1497 2798 1782 2863; x_wconf 90' lang='lat' dir='ltr'>hominis</span> <span class='ocrx_word' id='word_1_226' title='bbox 1822 2799 2138 2883; x_wconf 87' lang='lat' dir='ltr'>simplicis</span> <span class='ocrx_word' id='word_1_227' title='bbox 2176 2804 2400 2885; x_wconf 88' lang='lat' dir='ltr'>pectus</span> 
     </span>
     <span class='ocr_line' id='line_1_30' title="bbox 379 2884 2474 2969; baseline 0.004 -21"><span class='ocrx_word' id='word_1_228' title='bbox 379 2885 676 2949; x_wconf 80' lang='lat' dir='ltr'>vidimus,</span> <span class='ocrx_word' id='word_1_229' title='bbox 769 2884 1301 2969; x_wconf 86' lang='lat' dir='ltr'>Respondebisne</span> <span class='ocrx_word' id='word_1_230' title='bbox 1348 2887 1429 2950; x_wconf 81' lang='lat' dir='ltr'>ad</span> <span class='ocrx_word' id='word_1_231' title='bbox 1473 2886 1634 2951; x_wconf 91' lang='lat' dir='ltr'>haec</span> <span class='ocrx_word' id='word_1_232' title='bbox 1681 2890 1795 2950; x_wconf 90' lang='lat' dir='ltr'>aut</span> <span class='ocrx_word' id='word_1_233' title='bbox 1841 2887 2105 2952; x_wconf 90' lang='lat' dir='ltr'>omnino</span> <span class='ocrx_word' id='word_1_234' title='bbox 2154 2888 2400 2955; x_wconf 86' lang='lat' dir='ltr'>hiscere</span> <span class='ocrx_word' id='word_1_235' title='bbox 2427 2916 2474 2957; x_wconf 74' lang='grc' dir='ltr'><strong><em>ω</em></strong></span> 
     </span>
     <span class='ocr_line' id='line_1_31' title="bbox 380 2972 2401 3061; baseline 0.003 -25"><span class='ocrx_word' id='word_1_236' title='bbox 380 2973 694 3037; x_wconf 83' lang='lat' dir='ltr'>audebis?</span> <span class='ocrx_word' id='word_1_237' title='bbox 766 2972 1022 3057; x_wconf 86' lang='lat' dir='ltr'>Ecquid</span> <span class='ocrx_word' id='word_1_238' title='bbox 1063 2974 1347 3057; x_wconf 90' lang='lat' dir='ltr'>reperies</span> <span class='ocrx_word' id='word_1_239' title='bbox 1386 2996 1463 3037; x_wconf 87' lang='lat' dir='ltr'>ex</span> <span class='ocrx_word' id='word_1_240' title='bbox 1498 2980 1638 3039; x_wconf 91' lang='lat' dir='ltr'>tam</span> <span class='ocrx_word' id='word_1_241' title='bbox 1672 2976 1871 3060; x_wconf 84' lang='lat' dir='ltr'>longa</span> <span class='ocrx_word' id='word_1_242' title='bbox 1909 2976 2207 3041; x_wconf 88' lang='lat' dir='ltr'>oratione</span> <span class='ocrx_word' id='word_1_243' title='bbox 2244 2999 2401 3061; x_wconf 90' lang='lat' dir='ltr'>mea,</span> 
     </span>
     <span class='ocr_line' id='line_1_32' title="bbox 380 3061 1650 3145; baseline 0.002 -20"><span class='ocrx_word' id='word_1_244' title='bbox 380 3061 485 3125; x_wconf 92' lang='lat' dir='ltr'>cui</span> <span class='ocrx_word' id='word_1_245' title='bbox 532 3064 598 3124; x_wconf 93' lang='lat' dir='ltr'>te</span> <span class='ocrx_word' id='word_1_246' title='bbox 644 3062 1032 3144; x_wconf 87' lang='lat' dir='ltr'>respondere</span> <span class='ocrx_word' id='word_1_247' title='bbox 1078 3082 1271 3145; x_wconf 89' lang='lat' dir='ltr'>posse</span> <span class='ocrx_word' id='word_1_248' title='bbox 1319 3062 1650 3127; x_wconf 80' lang='lat' dir='ltr'>confidas?</span> 
     </span>
     <span class='ocr_line' id='line_1_33' title="bbox 274 3130 2398 3237; baseline 0.003 -26"><span class='ocrx_word' id='word_1_249' title='bbox 274 3130 362 3194; x_wconf 87' lang='lat'>44</span> <span class='ocrx_word' id='word_1_250' title='bbox 484 3146 642 3212; x_wconf 82' lang='lat' dir='ltr'>&#39;Sed</span> <span class='ocrx_word' id='word_1_251' title='bbox 678 3148 1035 3232; x_wconf 88' lang='lat' dir='ltr'>praeterita</span> <span class='ocrx_word' id='word_1_252' title='bbox 1074 3150 1484 3234; x_wconf 85' lang='lat' dir='ltr'>omittamus3</span> <span class='ocrx_word' id='word_1_253' title='bbox 1518 3151 1691 3215; x_wconf 88' lang='lat' dir='ltr'>hunc</span> <span class='ocrx_word' id='word_1_254' title='bbox 1728 3172 1930 3216; x_wconf 86' lang='lat' dir='ltr'>unum</span> <span class='ocrx_word' id='word_1_255' title='bbox 1959 3151 2149 3237; x_wconf 90' lang='lat' dir='ltr'>diem,</span> <span class='ocrx_word' id='word_1_256' title='bbox 2184 3175 2398 3236; x_wconf 87' lang='lat' dir='ltr'>unum,</span> 
     </span>
     <span class='ocr_line' id='line_1_34' title="bbox 279 3218 2395 3325; baseline 0.004 -27"><span class='ocrx_word' id='word_1_257' title='bbox 279 3218 664 3319; x_wconf 74' lang='lat' dir='ltr'>¹¹²inquam‚</span> <span class='ocrx_word' id='word_1_258' title='bbox 708 3236 1095 3301; x_wconf 87' lang='lat' dir='ltr'>hodiernum</span> <span class='ocrx_word' id='word_1_259' title='bbox 1140 3237 1330 3321; x_wconf 89' lang='lat' dir='ltr'>diem,</span> <span class='ocrx_word' id='word_1_260' title='bbox 1374 3238 1500 3303; x_wconf 91' lang='lat' dir='ltr'>hoc</span> <span class='ocrx_word' id='word_1_261' title='bbox 1540 3242 1854 3321; x_wconf 91' lang='lat' dir='ltr'>punctum</span> <span class='ocrx_word' id='word_1_262' title='bbox 1891 3241 2228 3325; x_wconf 87' lang='lat' dir='ltr'>temporis,</span> <span class='ocrx_word' id='word_1_263' title='bbox 2275 3263 2395 3325; x_wconf 91' lang='lat' dir='ltr'>quo</span> 
     </span>
     <span class='ocr_line' id='line_1_35' title="bbox 378 3322 2468 3409; baseline 0.006 -25"><span class='ocrx_word' id='word_1_264' title='bbox 378 3322 640 3405; x_wconf 90' lang='lat' dir='ltr'>loquor,</span> <span class='ocrx_word' id='word_1_265' title='bbox 707 3323 1001 3407; x_wconf 85' lang='lat' dir='ltr'>defende,</span> <span class='ocrx_word' id='word_1_266' title='bbox 1066 3324 1122 3389; x_wconf 88' lang='lat' dir='ltr'>si</span> <span class='ocrx_word' id='word_1_267' title='bbox 1184 3329 1394 3409; x_wconf 73' lang='lat' dir='ltr'>poteS.</span> <span class='ocrx_word' id='word_1_268' title='bbox 1501 3324 1634 3391; x_wconf 87' lang='lat' dir='ltr'>Cur</span> <span class='ocrx_word' id='word_1_269' title='bbox 1697 3333 2101 3392; x_wconf 89' lang='lat' dir='ltr'>armatorum</span> <span class='ocrx_word' id='word_1_270' title='bbox 2165 3350 2396 3394; x_wconf 89' lang='lat' dir='ltr'>corona</span> <span class='ocrx_word' id='word_1_271' title='bbox 2422 3356 2468 3396; x_wconf 62' lang='grc' dir='ltr'>ει</span> 
     </span>
     <span class='ocr_line' id='line_1_36' title="bbox 381 3413 2390 3503; baseline 0.005 -32"><span class='ocrx_word' id='word_1_272' title='bbox 381 3414 646 3473; x_wconf 89' lang='lat' dir='ltr'>senatus</span> <span class='ocrx_word' id='word_1_273' title='bbox 694 3415 957 3493; x_wconf 90' lang='lat' dir='ltr'>saeptus</span> <span class='ocrx_word' id='word_1_274' title='bbox 1005 3416 1126 3496; x_wconf 88' lang='lat' dir='ltr'>est,</span> <span class='ocrx_word' id='word_1_275' title='bbox 1172 3434 1288 3477; x_wconf 90' lang='lat' dir='ltr'>cur</span> <span class='ocrx_word' id='word_1_276' title='bbox 1331 3434 1435 3477; x_wconf 87' lang='lat' dir='ltr'>me</span> <span class='ocrx_word' id='word_1_277' title='bbox 1481 3413 1580 3477; x_wconf 85' lang='lat' dir='ltr'>tui</span> <span class='ocrx_word' id='word_1_278' title='bbox 1623 3415 1942 3480; x_wconf 88' lang='lat' dir='ltr'>satellites</span> <span class='ocrx_word' id='word_1_279' title='bbox 1981 3438 2130 3481; x_wconf 93' lang='lat' dir='ltr'>cum</span> <span class='ocrx_word' id='word_1_280' title='bbox 2167 3417 2390 3503; x_wconf 84' lang='lat' dir='ltr'>gladiis</span> 
     </span>
     <span class='ocr_line' id='line_1_37' title="bbox 382 3495 2392 3588; baseline 0.007 -33"><span class='ocrx_word' id='word_1_281' title='bbox 382 3495 681 3571; x_wconf 88' lang='lat' dir='ltr'>audiunt,</span> <span class='ocrx_word' id='word_1_282' title='bbox 738 3518 850 3561; x_wconf 90' lang='lat' dir='ltr'>cur</span> <span class='ocrx_word' id='word_1_283' title='bbox 906 3500 1130 3563; x_wconf 83' lang='lat' dir='ltr'>valvae</span> <span class='ocrx_word' id='word_1_284' title='bbox 1178 3498 1576 3565; x_wconf 85' lang='lat' dir='ltr'>Concordiae</span> <span class='ocrx_word' id='word_1_285' title='bbox 1631 3524 1763 3567; x_wconf 91' lang='lat' dir='ltr'>non</span> <span class='ocrx_word' id='word_1_286' title='bbox 1817 3508 2074 3588; x_wconf 85' lang='lat' dir='ltr'>patent,</span> <span class='ocrx_word' id='word_1_287' title='bbox 2131 3526 2245 3570; x_wconf 90' lang='lat' dir='ltr'>cur</span> <span class='ocrx_word' id='word_1_288' title='bbox 2289 3506 2392 3574; x_wconf 80' lang='lat' dir='ltr'>ho-</span> 
     </span>
    </p>
   </div>
  </div>
 </body>
</html>
