2550 3875
361 145 490 210 168
926 144 1006 199 IN
1041 143 1104 199 L.
1140 141 1469 198 PISONEM
1507 141 1798 200 ORATIO.

271 331 284 350 ·
355 306 710 372 facientem
771 306 1070 372 consules
1128 307 1532 370 adiuverunt.
1632 303 1867 370 Voluit
1920 305 2033 369 ille
2086 309 2392 370 senatum

355 395 744 479 interficere,
790 416 907 461 vos
953 394 1346 478 sustulistis3
1390 394 1570 479 leges
1608 394 2005 479 extinguere,
2050 415 2167 458 vos
2206 394 2391 459 abro-

356 483 596 569 gastis3
658 483 726 547 vi
782 488 1025 547 terrere
1080 483 1368 567 patriam
1422 485 1566 564 [vos
1624 482 2021 566 adiuvistis],
2077 482 2233 565 quid
2288 487 2392 547 est

209 601 242 633 ‹-
355 571 544 637 vobis
603 571 981 637 consulibus
1036 576 1301 657 gestum
1354 571 1494 636 sine
1541 570 1785 634 armis?
1875 569 2228 636 Incendere
2273 571 2393 634 illa

357 659 851 726 coniuratorum
907 681 1139 724 manus
1183 659 1397 725 voluit
1440 659 1699 742 urbem,
1752 679 1873 723 vos
1918 659 2058 722 eius
2105 658 2391 742 domum,
2444 683 2495 734 5,

357 769 556 832 quem
591 752 862 832 propter
895 749 1055 812 urbs
1093 749 1361 813 incensa
1392 769 1528 813 non
1558 751 1680 813 est.
1742 746 1843 811 Ac
1869 769 1952 812 ne
1979 746 2081 811 illi
2108 747 2393 831 quidem,

355 837 416 902 si
442 836 831 900 habuissent
858 835 1064 901 vestri
1093 836 1376 900 similem
1406 836 1758 919 consulem,
1784 835 1864 899 de
1884 836 2071 900 urbis
2088 835 2392 900 incendio

357 925 790 1010 cogitassent3
831 946 969 990 non
1013 925 1189 989 enim
1232 946 1301 988 se
1338 924 1533 989 tectis
1571 924 1827 1008 privare
1865 924 2231 1007 voluerunt,
2274 925 2394 988 sed

354 1012 461 1077 his
504 1014 834 1078 stantibus
870 1012 1127 1078 nullum
1164 1012 1568 1077 domicilium
1604 1012 1835 1076 sceleri
1871 1032 1991 1076 suo
2028 1011 2168 1076 fore
2203 1015 2394 1094 puta-

353 1105 608 1167 verunt.
683 1100 964 1167 Caedem
1006 1101 1107 1165 illi
1144 1101 1403 1183 civium,
1446 1123 1566 1166 vos
1604 1101 1990 1166 servitutem
2027 1100 2393 1184 expetistis.
2434 1127 2482 1168 ιο

352 1189 484 1254 Hic
522 1211 640 1255 vos
679 1191 880 1256 etiam
919 1190 1343 1273 crudeliores3
1376 1189 1531 1254 huic
1568 1189 1743 1253 enim
1779 1189 2023 1273 populo
2050 1189 2147 1252 ita
2172 1187 2396 1254 fuerat

354 1283 508 1342 ante
535 1299 656 1344 vos
685 1279 984 1344 consules
1011 1277 1285 1343 libertas
1314 1277 1533 1363 insita,
1560 1280 1638 1342 ut
1667 1278 1728 1341 ei
1757 1277 1926 1342 mori
1950 1277 2171 1361 potius
2191 1298 2397 1360 quam

267 1377 334 1426 16
355 1367 601 1432 servire
647 1370 1033 1451 praestaret.
1105 1365 1281 1431 Illud
1322 1388 1476 1432 vero
1515 1365 1851 1451 geminum
1886 1365 2176 1430 consiliis
2217 1363 2399 1432 Cati-

353 1455 527 1520 linae
576 1459 643 1519 et
689 1453 983 1539 Lentuli,
1041 1454 1216 1539 quod
1260 1477 1363 1520 me
1412 1455 1607 1520 domo
1653 1475 1803 1518 mea
1848 1453 2191 1537 expulistis
2201 1503 2220 1538 ,
2273 1453 2396 1519 Cn,

352 1542 743 1626 Pompeium
806 1543 1076 1608 domum
1139 1565 1327 1608 suam
1390 1542 1819 1627 compulistis.
1917 1541 2149 1626 Neque
2210 1543 2396 1608 enim
2428 1568 2481 1608 1⁵

353 1653 460 1696 me
503 1633 720 1695 stante
757 1633 826 1695 et
862 1635 1166 1696 manente
1201 1632 1274 1695 in
1309 1632 1493 1697 urbis
1528 1629 1758 1716 vigilia
1790 1651 2003 1714 neque
2042 1630 2400 1697 resistente

356 1717 472 1784 Cn.
499 1718 838 1803 Pompeio,
876 1719 1168 1784 omnium
1206 1720 1504 1804 gentium
1539 1719 1805 1802 victore,
1839 1740 2153 1803 umquam
2190 1741 2263 1784 se
2292 1720 2401 1786 illi

353 1829 494 1872 rem
546 1807 881 1891 publicam
935 1807 1150 1872 delere
1205 1829 1399 1891 posse
1446 1809 1785 1872 duxerunt.
1867 1807 1931 1873 A
1976 1829 2081 1872 me
2129 1808 2402 1891 quidem

354 1895 557 1961 etiam
610 1917 856 1980 poenas
913 1896 1283 1981 expetistis,
1338 1895 1576 1980 quibus
1630 1896 2120 1962 coniuratorum
2166 1918 2399 1963 manes

353 1988 768 2050 mortuorum
814 1985 1196 2070 expiaretis3
1249 2007 1438 2049 omne
1486 1986 1707 2051 odium
1750 1985 2078 2049 inclusum
2119 1985 2399 2051 nefariis
2431 2015 2485 2054 20

355 2073 657 2138 sensibus
716 2073 1073 2158 impiorum
1126 2074 1200 2139 111
1251 2096 1355 2138 me
1409 2073 1813 2158 profudistis.
1917 2073 2212 2150 Quorum
2268 2096 2401 2161 ego

351 2161 563 2225 furori
607 2161 738 2226 nisi
779 2162 1140 2246 cessissem,
1183 2161 1256 2226 in
1293 2160 1617 2229 Catilinae
1653 2163 1853 2227 busto
1888 2163 2077 2227 vobis
2115 2162 2401 2227 ducibus

354 2251 682 2315 mactatus
729 2271 959 2315 essem.
1044 2250 1232 2327 Quod
1279 2254 1499 2315 autem
1535 2250 1746 2316 maius
1783 2249 2097 2315 indicium
2133 2271 2403 2335 exspec-

351 2338 514 2401 tatis
567 2337 737 2402 nihil
791 2337 966 2403 inter
1020 2360 1138 2403 vos
1194 2341 1263 2403 et
1318 2337 1672 2404 Catilinam
1726 2338 2131 2420 interfuisse,
2192 2360 2404 2421 quam

355 2426 529 2509 quod
577 2426 848 2491 eandem
893 2427 1080 2491 illam
1126 2448 1395 2491 manum
1441 2449 1521 2491 ex
1564 2427 2019 2491 intermortuis
2066 2424 2403 2493 Catilinae
2433 2454 2489 2495 25

353 2514 652 2598 reliquiis
727 2514 1141 2600 concitastis,
1214 2515 1390 2599 quod
1460 2536 1685 2580 omnes
1748 2514 2033 2598 undique
2096 2515 2405 2600 perditos

353 2602 738 2688 collegistis,
785 2605 961 2687 quod
1005 2604 1078 2668 in
1122 2626 1226 2667 me
1273 2624 1599 2669 carcerem
1646 2602 1986 2687 effudistis,
2032 2602 2208 2686 quod
2246 2625 2407 2669 con-

353 2691 606 2755 iuratos
664 2692 1000 2773 armastis,
1055 2692 1230 2775 quod
1288 2713 1515 2756 eorum
1567 2691 1743 2757 ferro
1795 2713 1871 2756 ac
1917 2690 2125 2755 furori
2170 2713 2406 2756 meum

353 2801 589 2864 corpus
621 2782 818 2863 atque
848 2780 1141 2844 omnium
1167 2780 1494 2845 bonorum
1521 2779 1727 2843 vitam
1758 2780 2015 2845 obicere
2038 2779 2405 2845 voluistis?

265 2914 331 2962 17
356 2866 484 2931 Sed
538 2868 671 2932 iam
721 2869 915 2933 redeo
963 2868 1043 2932 ad
1088 2869 1493 2952 praeclaram
1536 2868 1722 2933 illam
1768 2867 2142 2933 contionem
2186 2870 2407 2933 tuam.
2436 2895 2493 2935 so

351 2955 453 3019 Tu
499 2976 570 3020 es
615 2956 756 3039 ille,
805 2955 910 3021 cui
957 2956 1309 3021 crudelitas
1357 2956 1703 3039 displicet?
1753 2956 1883 3040 qui,
1930 2978 2080 3021 cum
2124 2960 2407 3021 senatus

350 3042 607 3107 luctum
644 3064 720 3107 ac
759 3044 1052 3109 dolorem
1083 3066 1276 3111 suum
1303 3045 1509 3110 vestis
1537 3045 1901 3109 mutatione
1931 3044 2409 3109 declarandum

353 3132 735 3215 censuisset,
775 3154 923 3197 cum
959 3132 1212 3198 videres
1249 3154 1615 3199 maerorem
1640 3133 1739 3197 rei
1766 3132 2085 3218 publicae,
2123 3132 2407 3216 amplis-

352 3218 510 3283 simi
560 3220 809 3285 ordinis
856 3221 1127 3305 luctum,
1175 3244 1214 3287 o
1259 3225 1489 3287 noster
1534 3220 1933 3287 misericors!
1981 3220 2138 3305 quid
2182 3220 2407 3287 facis?

353 3306 544 3383 Quod
595 3307 781 3372 nulla
832 3307 904 3373 in
953 3309 1262 3374 barbaria
1308 3310 1659 3394 quisquam
1704 3313 2041 3393 tyrannus.
2136 3306 2407 3373 Omitto
2439 3334 2495 3375 ³5

352 3394 529 3459 enim
574 3396 768 3479 illud,
819 3397 1155 3464 consulem
1201 3398 1479 3481 edicere,
1524 3402 1602 3463 ut
1649 3400 1913 3463 senatus
1960 3397 2265 3463 consulto
2316 3418 2409 3462 ne

352 3481 863 3568 obtemperetur,
911 3507 1042 3569 quo
1087 3486 1342 3551 foedius
1386 3508 1510 3552 nec
1554 3486 1701 3551 fieri
1738 3508 1861 3551 nec
1899 3485 2179 3572 cogitari
2216 3486 2411 3571 quic·
