2550 3875
323 135 458 202 386
601 135 683 191 IN
719 137 794 192 M.
832 135 1231 193 ANTONIUM
1266 135 1538 193 ORATIO
1565 133 1974 191 PHILIPPICA
2009 135 2079 190 11.

323 297 505 375 Quae
571 299 744 364 enim
806 320 910 379 res
974 320 1314 382 umquam,
1375 320 1495 383 pro
1557 300 1780 362 sancte
1835 295 2161 381 Iuppiter!
2231 317 2387 360 non

323 387 519 453 modo
573 385 644 451 in
695 388 830 453 hac·
874 386 1064 471 urbe,
1117 387 1232 453 sed
1285 387 1357 451 in
1411 385 1711 451 omnibus
1767 385 1961 450 terris
2018 387 2122 448 est
2158 387 2419 468 gesta.

325 474 560 559 maior,
611 497 774 560 quae
821 475 1199 560 gloriosior,
1245 496 1411 560 quae
1456 472 1972 540 commendatior
2013 472 2384 537 hominum

324 563 678 628 memoriae
752 562 1231 647 sempiternae?
1352 561 1433 627 In
1503 561 1698 626 huius
1773 583 1877 626 me
1951 564 2026 624 tu
2099 560 2381 626 consilii

326 650 710 716 societatem
763 655 1101 735 tamquam
1153 651 1225 715 in
1279 671 1519 735 equum
1572 649 1927 714 Troianum
1982 671 2133 714 cum
2183 649 2381 732 prin·-
2436 670 2464 710 5

81 795 108 817 ,
233 756 305 804 33
326 738 582 824 cipibus
663 739 970 824 includis;
1049 761 1184 804 non
1263 760 1521 821 recus0,
1602 757 1729 823 ago
1812 736 2014 801 etiam
2086 736 2378 822 gratias,

325 847 588 912 quoquo
635 827 852 892 animo
898 827 1080 892 facis.
1159 825 1373 891 Tanta
1416 826 1590 890 enim
1626 847 1731 890 res
1766 829 1888 909 est,
1932 829 2009 889 ut
2044 824 2377 889 invidiam

322 915 562 999 istam,
606 937 801 999 quam
855 920 930 980 tu
974 916 1046 990 in
1089 937 1192 979 me
1238 915 1339 979 vis
1386 914 1743 999 concitare,
1796 934 1944 979 cum
1988 912 2181 978 laude
2225 935 2375 978 non

323 1024 716 1088 comparem.
797 1003 967 1080 Quid
1015 1003 1188 1087 enim
1231 1002 1491 1067 beatius
1536 1001 1690 1086 illis,
1735 1023 1899 1085 quos
1938 1005 2015 1065 tu
2052 1001 2371 1085 expulsos

324 1113 366 1157 a
423 1095 490 1156 te
544 1091 878 1176 praedicas
933 1095 1002 1156 et
1054 1091 1429 1176 relegatos?
1483 1090 1598 1175 qui
1651 1090 1834 1154 locus
1890 1093 1992 1154 est
2046 1093 2165 1154 aut
2220 1093 2370 1152 tam
2402 1111 2457 1150 10

323 1180 619 1252 desertus
658 1184 773 1244 aut
809 1178 1384 1262 tam'inhumanus,
1422 1178 1537 1261 qui
1561 1178 1731 1262 illos,
1770 1199 1917 1243 cum
1946 1178 2369 1262 accesserint,

321 1289 457 1333 non
501 1267 711 1333 adfari
758 1271 954 1350 atque
1001 1267 1305 1351 adpetere
1341 1266 1684 1331 videatur?
1732 1266 1844 1350 qui
1878 1265 2181 1330 homines
2218 1269 2367 1329 tam

322 1359 619 1442 agrestes
629 1407 647 1440 ,
703 1355 814 1440 qui
861 1377 956 1438 se,
1012 1375 1160 1419 cum
1207 1376 1319 1420 eos
1366 1355 1765 1438 aspexerint,
1817 1375 1953 1419 non
1996 1353 2363 1418 maximum

324 1444 573 1528 cepisse
625 1443 802 1507 vitae
855 1442 1145 1508 fructum
1196 1442 1478 1527 putent?
1535 1464 1699 1527 quae
1744 1463 1897 1508 vero
1945 1445 2085 1506 tam
2132 1443 2362 1506 imme-

321 1553 469 1597 mor
504 1531 878 1616 posteritas,
915 1552 1080 1615 quae
1116 1534 1255 1594 tam
1293 1531 1593 1617 ingratae
1628 1531 1890 1594 litterae
1927 1530 2355 1614 reperientur,
2386 1550 2438 1590 15

323 1641 492 1704 quae
575 1641 799 1684 eorum
879 1618 1160 1705 gloriam
1239 1619 1374 1685 n'on
1445 1618 1967 1683 immortalitatis
2040 1619 2361 1682 memoria

165 1800 170 1806 '
223 1706 849 1861 14grqsequantur?
901 1706 1003 1772 Tu
1029 1727 1183 1772 vero
1213 1706 1508 1772 adscribe
1537 1728 1641 1772 me
1669 1707 1870 1859 talebm
1898 1707 1969 1771 in
1991 1727 2357 1859 ngmerum.

379 1817 414 1860 e
528 1817 729 1860 unam
799 1817 939 1860 rem
1010 1816 1238 1860 vereor
1308 1816 1390 1860 ne
1459 1817 1595 1859 non
1710 1816 1783 1859 ro
1833 1816 1920 1860 es.
2086 1817 2111 1859 1
2186 1815 2359 1858 emm

235 1855 622 1969 34fuissem,
675 1905 810 1951 non
863 1883 1078 1949 solum
1131 1903 1381 1970 regem,
1436 1883 1549 1949 sed
1595 1817 1796 1948 etiam
1839 1902 2116 1969 regnum
2162 1882 2241 1948 de
2284 1905 2355 1948 re

323 1973 590 2058 publica
635 1972 1049 2038 sustulissem
1094 1977 1187 2056 et,
1243 1972 1301 2037 si
1346 1994 1530 2037 meus
1578 1971 1769 2037 stilus
1814 1972 1927 2035 ille
1972 1970 2235 2055 fuisset,
2278 1977 2353 2036 ut
2378 1992 2431 2031 20

325 2061 582 2145 dicitur,
603 2061 782 2126 mihi
819 2061 1024 2145 crede,
1059 2082 1192 2125 non
1230 2060 1445 2125 solum
1480 2081 1683 2125 unum
1719 2063 1955 2143 actum,
1992 2060 2106 2124 sed
2144 2063 2349 2125 totam

325 2149 618 2215 fabulam
665 2148 1106 2214 confecissem.
1182 2148 1636 2233 Quamquam,
1698 2148 1756 2213 si
1799 2147 2081 2213 interfici
2128 2146 2354 2213 Caesa-

189 2283 194 2289 ·
325 2260 466 2302 rem
510 2236 794 2302 voluisse
842 2237 1088 2302 crimen
1133 2240 1260 2320 est,
1315 2235 1461 2301 vide
1471 2286 1488 2317 ,
1545 2258 1783 2320 quaeso
1793 2287 1811 2320 ,
1865 2235 2145 2320 Antoni,
2202 2238 2351 2320 quid

327 2324 460 2389 tibi·
514 2324 810 2389 futurum
873 2324 988 2408 sit,
1062 2346 1256 2408 quem
1320 2328 1387 2389 et
1449 2321 1760 2390 Narbone
1822 2324 1948 2389 hoc
2012 2324 2350 2389 consilium

327 2434 478 2477 cum
524 2410 594 2477 O.
636 2410 961 2477 Trebonio
1018 2412 1266 2497 cepisse
1320 2412 1739 2476 notissimum
1786 2416 1913 2495 est,
1970 2416 2037 2477 et
2083 2413 2168 2478 ob
2215 2412 2346 2477 eius
2374 2432 2424 2472 85

328 2499 588 2565 consilii
633 2500 1033 2584 societatem,
1080 2521 1229 2564 cum
1273 2500 1750 2565 interficeretur
1796 2498 2052 2582 Caesar,
2099 2504 2245 2564 tum
2286 2505 2347 2565 te

329 2611 370 2654 a
403 2587 730 2653 Trebonio
773 2588 1053 2653 vidimus
1091 2588 1398 2653 sevocari.
1479 2587 1627 2673 Ego
1666 2592 1885 2653 autem
1922 2587 2114 2674 (vide,
2161 2610 2349 2672 quam

328 2680 546 2742 tecum
599 2696 794 2761 agam
843 2697 979 2741 non
1030 2676 1292 2741 inimice
1304 2674 1375 2760 1),
1433 2677 1607 2759 quod
1658 2676 1823 2741 bene
1880 2676 2189 2762 cogitasti
2244 2677 2349 2741 ali·

330 2764 613 2850 quando,
657 2764 880 2848 laudo,
925 2763 1098 2848 quod
1141 2785 1276 2828 non
1320 2763 1651 2848 indicasti,
1696 2764 1946 2850 gratias
1994 2785 2137 2850 ago,
2185 2764 2347 2848 quod

237 2866 309 2915 35
327 2875 461 2919 non
495 2852 729 2936 fecisti,
765 2852 1055 2937 ignosco.
1117 2850 1355 2916 Virum
1390 2872 1495 2917 res
1531 2851 1648 2916 illa
1676 2853 2047 2937 quaerebat.
2113 2850 2347 2927 Quodsi
2370 2872 2419 2912 so
2528 2894 2537 2905 .

329 2946 398 3006 te
450 2940 522 3005 in
573 2940 884 3005 iudicium
941 2940 1086 3023 quis
1133 2932 1413 3005 adducat
1455 2945 1853 3026 usurpetque
1898 2940 2060 3005 illud
2108 2939 2345 3006 Cassia-

328 3051 514 3112 num,
578 3028 734 3094 ‘cui
795 3026 1028 3092 bono'
1081 3026 1309 3111 fuerit,
1366 3027 1538 3113 vide,
1602 3049 1874 3114 quaese,
1934 3049 2016 3094 ne
2068 3028 2345 3093 haereas.

332 3116 741 3200 Quamquam
785 3116 948 3180 illud
994 3115 1256 3199 quidem
1299 3115 1445 3200 fuit,
1489 3120 1567 3181 ut
1612 3120 1687 3181 tu
1728 3117 2007 3200 dicebas,
2055 3117 2343 3181 omnibus
2404 3170 2413 3183 .

328 3204 530 3287 bono,
578 3204 690 3288 qui
735 3204 978 3268 servire
1021 3203 1351 3282 nolebant,
1397 3204 1523 3268 tibi
1569 3208 1791 3269 tamen
1834 3205 2197 3289 praecipue,
2242 3206 2343 3289 qui

328 3313 464 3357 non
507 3291 702 3356 modo
747 3312 880 3355 non
925 3291 1158 3373 servis,
1208 3292 1321 3356 sed
1367 3292 1565 3356 etiam
1610 3314 1866 3377 regnas,
1912 3293 2025 3377 qui
2072 3294 2339 3357 maximo
2365 3309 2419 3355 ³⁵.

331 3382 400 3441 te
441 3396 609 3443 ‘aere
675 3378 885 3442 alieno
951 3377 1033 3441 ad
1097 3377 1323 3442 aedem
1391 3377 1551 3463 Opis
1614 3380 2006 3464 liberavisti,
2071 3380 2181 3465 qui
2240 3402 2343 3465 per

331 3464 593 3528 easdem
645 3464 905 3541 tabulas
965 3465 1507 3531 innumerabilem
1550 3469 1893 3551 pecuniam
1938 3468 2340 3553 dissipavisti,
