2550 3875
831 186 988 242 ΟΑΡ.
1026 193 1167 241 4-6
1205 195 1234 254 5
1275 194 1502 243 10—16.
2043 191 2179 254 463

130 347 595 450 inpudentiam
658 349 1134 414 incredibilem!
1244 351 1612 415 Tantumne
1687 349 1815 415 sibi
1879 354 2179 435 sumpsit,

138 439 301 521 quia
337 436 611 522 Mylasis
658 438 990 522 myrmillo
1033 438 1392 504 Thraecem
1428 439 1752 526 iugulavit
1787 438 2179 503 familiarem

136 526 386 591 suum?
452 548 737 610 quonam
801 527 994 591 modo
1059 527 1264 591 istum
1328 526 1498 592 ferre
1562 548 1934 611 possemus,
1997 527 2054 591 si
2110 528 2180 591 in

133 615 273 680 hoc
325 613 470 680 foro
526 615 976 699 spectantibus
1031 615 1219 680 vobis
1264 616 1750 700 depugnasset?
1844 615 1971 681 Sed
2015 616 2179 680 haec

52 722 95 762 5
133 725 278 768 una
314 707 563 787 statua3
606 704 815 768 altera
848 705 928 768 ab
964 704 1298 787 equitibus
1335 703 1652 769 Romanis
1690 725 1856 787 equo
1892 704 2178 788 public0,

135 791 261 875 qui
314 791 479 855 item
532 791 873 856 ascribunt
926 790 1324 858 ‘PATRON0'.
1419 791 1627 868 Quem
1680 813 1994 875 umquam
2047 791 2178 856 iste

134 879 305 944 ordo
351 883 704 963 patronum
750 879 1136 963 adoptavit?
1213 877 1285 944 Si
1333 901 1744 964 quemquam,
1791 880 2018 944 debuit
2053 902 2176 945 me.

136 965 276 1032 Sed
321 989 425 1032 me
472 968 738 1052 omitt03
788 990 982 1051 quem
1028 989 1382 1052 censorem,
1429 990 1623 1069 quem
1667 969 2176 1052 imperatorem?

132 1054 403 1141 Agrum
445 1055 529 1120 iis
576 1056 818 1121 divisit.
893 1055 947 1120 Ο
990 1057 1305 1141 sordidos,
1353 1057 1466 1140 qui
1503 1057 1890 1140 acceperint,
1936 1057 2175 1140 impro-
2197 1067 2266 1116 14

28 1166 101 1205 10
133 1145 322 1228 bum,
368 1144 481 1227 qui
526 1144 800 1209 dederit!
875 1142 1263 1209 Statuerunt
1305 1145 1507 1208 etiam
1543 1144 1793 1208 tribuni
1831 1144 2149 1208 militares
2149 1153 2282 1229 ,(14)

136 1232 261 1316 qui
313 1232 385 1296 in
438 1232 728 1298 exercitu
784 1231 1081 1298 Caesaris
1136 1233 1239 1297 bis
1293 1232 1576 1298 fuerunt.
1677 1229 1836 1307 Quis
1891 1236 1996 1296 est
2047 1232 2176 1297 iste

136 1319 352 1385 ordo?
449 1319 648 1385 Multi
710 1320 975 1385 fuerunt
1038 1321 1265 1384 multis
1331 1321 1402 1384 in
1464 1320 1835 1406 legionibus
1898 1342 2018 1404 per
2071 1324 2178 1384 tot

135 1429 371 1473 annos.
438 1406 530 1473 Iis
570 1431 825 1510 quoque
864 1409 1088 1473 divisit
1127 1407 1514 1474 Semurium.
1572 1406 1857 1492 Campus
1895 1407 2176 1473 Martius

135 1497 469 1581 restabat,
529 1497 661 1561 nisi
723 1497 906 1580 prius
973 1519 1121 1561 cum
1172 1496 1377 1560 fratre
1432 1497 1732 1583 fugisset.
1834 1494 1961 1562 Sed
2014 1496 2178 1562 haec

37 1607 103 1648 15
137 1605 457 1670 agrorum
504 1585 873 1686 adsignatio
920 1585 1116 1668 paulo
1165 1589 1335 1668 ante,
1386 1582 1693 1669 Quirites,
1738 1584 1812 1648 L.
1858 1583 2176 1668 Caesaris,

136 1672 494 1738 clarissimi
548 1673 674 1738 viri
729 1677 797 1737 et
841 1673 1397 1757 praestantissimi
1444 1673 1794 1756 senatoris,
1849 1673 2178 1738 sententia

134 1762 465 1826 dissoluta
529 1765 659 1845 est3
722 1761 877 1826 huic
941 1761 1116 1825 enim
1180 1761 1440 1825 adsensi
1503 1761 1970 1844 septemvirum
2029 1766 2178 1826 acta

136 1850 549 1915 sustulimus.
622 1812 848 1914 I’acent
892 1849 1207 1915 beneficia
1253 1848 1567 1933 Nuculae,
1611 1847 1815 1951 friget
1858 1853 2175 1933 patronus

134 1939 490 2004 Antonius.
564 1938 739 2003 Nam
764 1960 1177 2023 possessores
1216 1939 1434 2003 animo
1473 1938 1776 2022 aequiore
1814 1938 2177 2023 discedent3

44 2051 105 2090 20
135 2028 438 2092 nullam
418 2050 759 2112 inpensam
786 2027 1095 2110 fecerant,
1121 2028 1413 2092 nondum
1439 2027 1904 2110 instruxerant,
1929 2026 2176 2110 partim

138 2116 300 2200 quia
337 2138 473 2181 11011
506 2115 937 2200 confidebant,
981 2116 1226 2201 partim
1265 2116 1422 2200 quia
1454 2137 1588 2180 non
1621 2111 1973 2179 habebant.
2050 2111 2177 2179 Sed
2214 2127 2278 2177 15

136 2206 261 2269 illa
298 2208 520 2269 statua
554 2204 885 2305 palmaris,
922 2205 999 2268 (16
1040 2226 1185 2289 qua,
1222 2204 1282 2269 si
1309 2203 1582 2269 meliora
1610 2207 1911 2287 tempora
1939 2207 2176 2288 essent,

136 2315 277 2358 non
337 2314 600 2377 possem
665 2293 804 2357 sine
859 2293 1000 2357 risu
1053 2294 1294 2358 dicere:
1360 2290 1456 2357 L.
1509 2291 1843 2357 ANTONIO
1892 2309 1940 2356 A
1993 2291 2174 2357 IANO

138 2398 368 2446 MEDIO
414 2380 787 2446 PATRON0.'
861 2380 1095 2445 Itane?
1167 2381 1366 2446 Ianus
1413 2381 1665 2445 medius
1706 2381 1777 2444 in
1812 2378 1887 2445 L.
1922 2379 2175 2445 Antoni

48 2499 107 2539 25
140 2469 446 2535 clientela
492 2470 638 2534 est?
717 2469 877 2545 Quis
924 2491 1029 2533 um
1040 2491 1236 2552 quam
1272 2470 1344 2533 in
1378 2469 1495 2533 illo
1535 2468 1694 2534 Iano
1733 2468 2038 2534 inventus
2075 2473 2176 2533 est

2 2559 9 2563 ’
140 2558 257 2642 qui
302 2557 375 2622 L.
411 2558 702 2622 Antonio
741 2558 919 2621 mille
956 2579 1298 2621 nummum
1333 2556 1536 2621 ferret
1572 2556 1970 2641 expensum?
2047 2555 2174 2621 Sed
2195 2558 2234 2621 6

137 2646 338 2711 nimis
375 2647 585 2711 multa
621 2647 699 2710 de
734 2646 959 2730 nugis;
995 2646 1077 2709 ad
1116 2667 1378 2709 causam
1405 2644 1778 2728 bellumque
1808 2645 2175 2727 redeamus3

140 2756 540 2819 quamquam
573 2756 706 2799 non
742 2734 1030 2797 alienum
1065 2731 1192 2795 fuit
1228 2754 1540 2815 personas
1578 2733 1894 2816 quasdam
1920 2754 1959 2795 a
1985 2732 2174 2796 vobis

140 2823 551 2907 recognosci,
604 2826 708 2905 ut,
754 2821 1142 2904 quibuscum
1188 2821 1435 2884 bellum
1480 2824 1844 2906 gereretur,
1888 2819 2172 2903 possetis

55 2940 112 2978 30
139 2912 334 2976 taciti
380 2911 688 2995 cogitare.

275 2998 425 3082 Ego
464 3002 683 3062 autem
719 3020 836 3063 vos
872 2997 1120 3080 hortor,
1165 2997 1472 3080 Quirites,
1509 3000 1604 3081 ut,
1642 2995 1903 3061 etiamsi
1939 2994 2172 3058 melius

142 3086 322 3152 aliud
367 3084 515 3169 fuit,
560 3089 782 3150 tamen
826 3086 1194 3171 legatorum
1236 3048 1520 3149 redituin
1557 3083 1914 3168 expectetis
1954 3082 2171 3147 animo

143 3196 370 3260 aequo.
464 3136 782 3239 Celeritas
838 3174 1134 3238 detracta.
1188 3174 1265 3237 de
1323 3195 1518 3237 causa
1563 3177 1693 3256 est,
1747 3170 1906 3235 boni
1951 3174 2175 3234 tamen

144 3262 392 3348 aliquid
429 3262 705 3328 accessit
742 3263 823 3328 ad
861 3282 1139 3326 causam.
1198 3260 1364 3326 Cum
1401 3262 1575 3325 enim
1610 3260 1816 3345 legati
1847 3258 2172 3323 renuntia·
2198 3270 2261 3317 16

60 3380 116 3421 25
143 3355 296 3437 rint,
343 3351 515 3435 quod
554 3354 729 3415 certe
764 3350 1249 3433 renuntiabunt,
1294 3371 1428 3414 non
1462 3349 1534 3413 in
1569 3354 1788 3412 vestra
1823 3350 2174 3431 potestate,

142 3464 275 3507 11011
314 3440 386 3504 111
422 3443 688 3506 senatus
727 3461 865 3504 esse
902 3438 1287 3521 Antonium,
1336 3437 1480 3521 quis
1519 3436 1645 3501 erit
1681 3440 1821 3500 tam
1857 3435 2172 3518 inprobus

146 3530 331 3611 civis,
374 3528 492 3613 qui
535 3526 725 3592 illum
772 3528 978 3592 civem
1023 3489 1396 3590 habend'um
1439 3525 1673 3608 putet?
1764 3522 1953 3588 Nunc
2002 3526 2166 3587 enim
