2550 3875
362 161 445 225 16
944 158 1089 213 PRO
1128 158 1188 213 P.
1229 158 1473 215 sns'no
1512 158 1797 215 ORATIO.

356 322 746 405 insultabat,
792 322 1279 405 dominabatur,
1327 318 1474 387 aliis
1517 322 1968 408 pollicebatur,
2013 327 2268 391 terrore
2313 346 2391 390 ac

358 416 539 477 metu
584 411 855 495 multos,
908 410 1117 495 pluris
1165 410 1369 474 etiam
1421 432 1537 494 spe
1583 414 1669 488 et,
1703 412 2046 495 promissis
2099 413 2390 477 tenebat.

268 510 340 561 85
494 498 675 575 Quae
720 509 869 564 cum
912 502 1135 563 essent
1180 497 1320 563 eius
1367 498 1560 583 modi,
1603 499 1848 565 iudices
1863 550 1881 584 ,
1927 521 2074 565 cum
2121 504 2390 565 senatus

360 586 553 652 duces
614 587 833 651 nullon
896 607 974 652 ac
1034 608 1154 670 pro
1222 586 1494 651 ducibus
1556 587 1924 670 proditores
1985 592 2100 652 aut
2163 589 2388 673 potius

358 675 894 846 Zssssffssssaffiffi?
938 674 2393 848 ¹1²?ssssssss¹²233322350553‘22522p233ffi
2442 701 2468 741 ⁵

360 850 478 915 alii
537 851 929 915 nominatim
992 851 1472 937 relegarentur,
1545 850 1660 915 alii
1723 856 1904 917 metu
1967 856 2034 916 et
2095 852 2389 935 periculo

359 942 783 1024 terrerentur,
843 960 1027 1003 arma
1072 943 1292 1004 essent
1348 939 1420 1003 in
1472 938 1764 1023 templis,
1819 940 2053 1003 armati
2098 939 2171 1004 in
2222 939 2392 1023 for0,

359 1048 563 1111 eaque
615 1049 750 1092 non
795 1026 1055 1091 silentio
1114 1026 1456 1092 consulum
1510 1026 2099 1111 dissimularentur,
2159 1028 2277 1092 sed
2325 1032 2393 1093 et

358 1136 516 1181 voce
564 1120 630 1179 et
675 1115 1002 1180 sententia
1047 1115 1646 1199 comprobarentur,
1693 1137 1841 1181 cum
1887 1137 2108 1180 omnes
2156 1116 2390 1180 urbem
2417 1139 2465 1179 1ο

357 1204 646 1267 nondum
700 1204 984 1303 excisam
1032 1207 1099 1267 et
1154 1224 1472 1287 eversam,
1529 1204 1642 1303 sed
1686 1202 1819 1267 iam
1837 1291 1850 1304 ι
1875 1207 2135 1303 captam
2189 1206 2392 1287 atque

357 1290 1890 1464 ἓῖξέἶᾛᾞιῖἓῗῗῗὲἒίωξῗωὲἓειέἒίεέἓζῖὲῗ
1943 1291 2392 1445 ἒὲἓὴὲἒῗὲἓ

360 1471 575 1532 metus
622 1470 819 1551 atque
867 1467 1033 1532 aliae
1080 1488 1271 1531 curae
1319 1466 1847 1552 suspicionesque
1893 1471 2256 1532 movertmt.
2524 1534 2525 1555 2

258 1529 341 1595 16
492 1555 837 1639 Exponam
883 1554 1058 1619 enim
1109 1554 1424 1620 hodierno
1470 1555 1600 1639 die,
1658 1555 1903 1621 iudices
1912 1606 1930 1641 ,
1985 1568 2250 1620 omnem
2297 1579 2394 1621 ra·
2419 1579 2466 1620 15

270 1621 339 1668 3⁶
361 1643 608 1707 tionem
652 1643 815 1707 facti
862 1646 930 1707 et
976 1642 1231 1707 consilii
1286 1643 1416 1707 mei
1458 1664 1668 1727 neque
1721 1643 1876 1709 huic
1921 1647 2139 1709 vestro
2197 1648 2392 1710 tanto
2524 1644 2525 1661 ¹

360 1730 579 1795 studio
653 1730 956 1795 audiendi
1026 1751 1147 1795 nec
1215 1751 1368 1795 vero
1439 1730 1594 1796 huic
1665 1735 1889 1795 tantae
1961 1732 2394 1817 multitudini,
2524 1736 2525 1741 ’

361 1820 608 1903 quanta
652 1840 799 1881 mea
851 1818 1167 1883 memoria
1218 1839 1575 1902 numquam
1630 1818 1766 1883 ullo
1820 1820 1891 1883 in
1943 1819 2183 1884 iudicio
2243 1821 2392 1903 fuit,

360 1907 569 1972 deero.
658 1904 833 1970 Nam
878 1906 935 1971 si
982 1926 1103 1992 ego
1150 1906 1222 1971 in
1276 1928 1472 1972 causa
1517 1911 1655 1971 tam
1714 1908 1888 1973 bona
1931 1910 2118 1973 tanto
2169 1909 2391 1974 studio

360 1998 653 2078 senatuS,
717 2016 1034 2059 consensu
1090 1999 1229 2058 tam
1281 1995 1648 2060 incredibili
1701 1997 2023 2062 bonorum
2079 1997 2395 2081 omnium,
2421 2021 2466 2061 20

358 2087 498 2148 tam
559 2086 792 2168 parato
846 2084 1106 2166 popula,
1172 2086 1317 2147 tota
1379 2082 1654 2166 denique
1718 2083 1916 2148 Italia
1979 2084 2062 2148 ad
2127 2107 2396 2151 omnem

359 2170 844 2236 contentionem
890 2170 1190 2255 expedita
1236 2171 1403 2235 cessi
1446 2171 1697 2236 tribuni
1732 2173 1838 2256 pl.,
1882 2172 2398 2256 despicatissimi

357 2259 643 2324 hominis
658 2309 677 2343 ,
738 2258 970 2343 furori,
1036 2259 1768 2342 contemptissumorum
1833 2261 2176 2325 consulum
2237 2262 2395 2328 levi-

360 2350 568 2411 tatem
632 2347 1093 2430 audaciamque
1160 2347 1500 2431 pertimui,
1562 2347 1840 2412 nimium
1903 2371 2006 2412 me
2061 2349 2393 2434 timidum,

274 2453 338 2502 37
359 2434 603 2499 1111111118
652 2435 879 2518 animi,
931 2434 1175 2498 nullius
1224 2435 1480 2500 consilii
1533 2434 1737 2500 fuisse
1791 2436 2121 2501 confiteor.
2219 2438 2395 2514 Quid
2421 2460 2466 2502 ιε
2524 2473 2525 2490 ÷

361 2522 536 2586 enim
590 2522 803 2586 simile
866 2521 995 2586 fuit
1048 2523 1119 2586 in
1174 2521 1249 2598 Q.
1304 2521 1622 2588 Metello}>
1687 2523 1869 2589 cuius
1932 2546 2200 2590 causam
2265 2528 2396 2592 etsi
2524 2521 2525 2528 '

363 2630 586 2674 omnes
630 2610 789 2674 boni
834 2611 1231 2694 probabant,
1286 2615 1509 2680 tamen
1550 2633 1762 2695 neque
1805 2617 2072 2677 senatus
2125 2614 2394 2697 publice

358 2719 569 2782 neque
596 2697 769 2761 ullus
800 2699 956 2762 ordo
975 2698 1237 2783 proprie
1254 2720 1464 2782 neque
1485 2699 1620 2764 suis
1641 2701 1916 2765 decretis
1936 2699 2136 2765 Italia
2155 2707 2396 2768 cuncta

362 2789 755 2869 susceperat.
846 2785 953 2851 Ad
1006 2807 1193 2850 suam
1249 2787 1423 2851 enim
1471 2788 1795 2872 quandam
1841 2789 2052 2874 magis
2098 2789 2214 2856 ille
2253 2792 2394 2876 glo-
2524 2861 2525 2866 γ

360 2874 529 2938 riam
566 2895 762 2958 quam
801 2873 881 2937 ad
916 2873 1328 2959 perspicuam
1365 2875 1647 2941 salutem
1682 2876 1778 2940 rei
1803 2877 2104 2960 publicae
2130 2880 2396 2960 spiritus
2419 2901 2470 2943 a·
2524 2939 2525 2942 ,

362 2965 757 3046 sumpserat,
804 2983 953 3026 cum
997 2984 1165 3026 unus
1209 2963 1282 3027 in
1324 2963 1539 3048 legem
1583 2986 1700 3048 per
1745 2964 1878 3030 vim
1922 2966 2130 3029 latam
2175 2967 2394 3030 iurare
2524 3035 2525 3038 ,

360 3050 687 3134 noluerat3
747 3049 1021 3133 denique
1066 3051 1409 3115 videbatur
1455 3074 1532 3116 ea
1577 3051 1952 3118 condicione
1997 3056 2138 3117 tam
2195 3053 2393 3119 fortis
2524 3047 2525 3090 ἶ

359 3136 592 3221 fuisse,
654 3142 732 3202 ut
788 3159 935 3203 cum
988 3138 1239 3221 patriae
1307 3140 1578 3204 caritate
1635 3141 2041 3204 constantiae
2106 3141 2394 3226 gloriam
2524 3195 2525 3204 ,

362 3228 813 3290 commutaret.
901 3225 1067 3290 Erat
1104 3230 1325 3291 autem
1361 3249 1464 3291 res
1503 3227 1563 3292 ei
1601 3249 1748 3292 cum
1783 3228 2072 3293 exercitu
2109 3228 2184 3296 G.
2220 3230 2393 3294 Mari

362 3310 634 3395 invicto,
678 3311 963 3377 habebat
1006 3313 1345 3379 inimicum
1391 3313 1460 3380 O.
1505 3313 1816 3400 Marium,
1862 3322 2394 3384 conservatorem
2416 3337 2464 3384 ⁸5
2524 3353 2525 3390 1

362 3397 644 3480 patriae,
692 3404 947 3464 sextum
993 3401 1126 3464 iam
1170 3401 1359 3465 illum
1406 3403 1818 3470 consulatum
1863 3410 2230 3490 gerentem3
2286 3427 2392 3472 res
2524 3403 2525 3444 ᾗ

365 3487 507 3546 erat
554 3506 702 3548 cum
746 3485 818 3550 L.
859 3485 1240 3572 Saturnino,
1288 3489 1531 3556 iterum
1584 3491 1851 3558 tribuno
1896 3493 1985 3578 pl.
1995 3543 2012 3576 ‚
2068 3493 2392 3579 vigilante
