2550 3875
889 120 1041 176 CAP.
1081 126 1220 175 6-8
1257 126 1288 187 g
1329 126 1553 175 18-25,
2097 120 2227 184 327

208 288 428 350 tantus
473 284 546 347 in
589 283 726 347 ullo
771 282 983 366 furor,
1039 286 1145 366 ut,
1191 303 1321 366 quo
1368 282 1527 346 duce
1575 282 1795 346 omnia
1839 304 2094 346 summa
2138 283 2231 347 sit

204 374 502 456 adeptus,
564 370 760 435 huius
823 370 1029 434 vitam
1090 391 1223 435 non
1290 373 1647 455 anteponat
1701 390 1872 435 suae.
1970 370 2104 454 An,
2168 372 2227 435 si

202 460 366 525 nihil
431 458 532 523 tui
593 458 888 543 cogitant
951 458 1241 541 sceleris,
1315 458 1670 522 cavendum
1733 462 1862 541 est,
1922 478 2003 523 ne
2069 458 2226 543 quid

203 546 504 613 inimici?
590 545 760 622 Qui?
808 566 1030 610 omncs
1079 546 1268 629 enim,
1317 546 1429 630 qui
1456 544 1737 630 fuerunt,
1784 549 1897 610 aut
1934 566 2052 609 sua
2086 568 2227 630 per-

143 654 175 695 s
203 635 444 700 tinacia
517 634 723 698 vitam
788 633 1146 698 amiserunt
1210 637 1326 698 aut
1389 637 1505 698 tua
1567 634 2012 699 misericordia
2074 634 2225 698 reti·

187 726 480 788 ’nuerunt
491 773 508 807 ,
561 725 639 786 ut
691 724 808 787 aut
858 721 1024 786 nulli
1081 721 1411 805 supersint
1464 722 1542 785 de
1587 721 1867 787 inimicis
1914 725 2055 806 aut,
2110 722 2224 805 qui

199 812 492 895 fuerunt,
549 809 684 874 sint
735 808 1135 874 amicissimi.
1227 808 1355 874 Sed
1407 812 1627 874 tamen
1682 832 1829 875 cum
1872 810 1943 874 in
1988 809 2222 875 animis
2242 812 2313 859 22

199 898 537 964 hominum
575 902 799 962 tantae
835 897 1126 962 latebrae
1165 897 1301 962 sint
1336 901 1403 961 et
1439 898 1609 962 tanti
1646 918 1956 982 recessus,
1993 918 2227 983 augea-

202 1007 345 1051 mus
402 1007 557 1051 saue
617 985 1055 1070 suspicionem
1107 989 1318 1070 tuam3
1373 985 1567 1049 simul
1624 986 1797 1051 enim
1843 986 2225 1071 augebimus

115 1095 176 1135 ιο
202 1074 626 1161 diligentiam.
733 1071 909 1138 Nam
987 1072 1133 1157 quis
1209 1077 1313 1137 est
1384 1074 1673 1137 omnium
1745 1077 1883 1138 tam
1954 1074 2223 1158 ignarus

199 1183 445 1246 rerum,
501 1166 642 1226 tam
693 1161 874 1226 rudis
929 1160 998 1225 in
1053 1182 1124 1225 re
1177 1160 1465 1244 publica,
1520 1164 1657 1225 tam
1702 1161 1867 1225 nihil
1912 1182 2225 1262 umquam

197 1272 316 1315 nec
363 1250 440 1315 de
488 1271 607 1314 sua
651 1270 774 1313 nec
819 1250 897 1313 de
945 1248 1273 1314 communi
1320 1250 1531 1313 salute
1579 1249 1896 1335 cogitans,
1944 1250 2057 1349 qui
2092 1271 2226 1314 non

197 1338 544 1422 intellegat
595 1341 712 1401 tua
767 1336 976 1401 salute
1033 1336 1351 1401 contineri
1406 1358 1592 1401 suam
1636 1341 1703 1401 ct
1748 1359 1827 1401 ex
1870 1337 2067 1401 unius
2108 1341 2226 1401 tua

201 1426 342 1490 vita
375 1424 653 1509 pendere
693 1424 1029 1489 omnium?
1101 1423 1422 1509 Equidem
1462 1425 1540 1488 de
1577 1428 1645 1489 te
1679 1425 1816 1490 dies
1852 1429 2226 1509 noctesque,

116 1531 172 1574 ιε»
202 1517 277 1577 ut
342 1512 572 1595 debeo,
637 1512 934 1596 cogitans
999 1534 1186 1577 casus
1241 1513 1582 1577 dumtaxat
1634 1513 1957 1579 humanos
2010 1517 2080 1577 et
2131 1512 2226 1578 in-

201 1603 416 1665 certos
463 1603 732 1665 eventus
779 1599 1169 1665 valetudinis
1217 1604 1286 1665 et
1320 1604 1593 1665 naturae
1632 1601 1993 1666 communis
2028 1600 2226 1686 fragi-

200 1688 461 1751 litatem
515 1686 869 1753 extimesco
923 1688 1264 1772 doleoque,
1322 1709 1470 1752 cum
1522 1709 1627 1752 res
1677 1690 1941 1789 publica
1984 1689 2227 1753 inmor-

200 1776 355 1841 talis
391 1796 531 1840 esse
554 1775 804 1859 debeat,
831 1796 976 1839 eam
993 1776 1064 1840 in
1081 1776 1273 1840 unius
1295 1776 1593 1840 mortalis
1614 1777 1831 1841 anima
1848 1777 2225 1841 consistere.

213 1862 286 1928 Si
313 1884 467 1927 vero
497 1862 579 1927 ad
605 1863 924 1928 humanos
955 1884 1142 1928 casus
1161 1863 1572 1949 incertosque
1590 1868 1809 1929 motus
1830 1864 2222 1929 valetudinis
2243 1855 2313 1915 28

112 1975 170 2016 20
201 1953 463 2017 sceleris
521 1951 722 2017 etiam
769 1952 1016 2018 accedit
1060 1952 1572 2052 insidiarumque
1618 1954 1984 2036 consensiO,
2031 1973 2224 2036 quem

198 2042 409 2124 deum,
451 2040 508 2104 si
547 2040 786 2124 cupiat,
822 2061 1014 2125 posse
1052 2041 1363 2125 opitulari
1390 2041 1487 2104 rei
1513 2040 1812 2125 publicae
1842 2003 2224 2106 credamus?

335 2127 574 2194 Omnia
629 2132 782 2193 sunt
835 2129 1175 2194 excitanda
1219 2129 1372 2213 tibi,
1427 2127 1497 2194 O.
1543 2127 1809 2214 Caesar,
1861 2128 2003 2212 uni,
2056 2149 2223 2212 quae
2244 2121 2286 2186 8

197 2218 410 2282 iacere
465 2215 672 2281 sentis
727 2217 886 2281 belli
939 2216 1147 2300 ipsius
1202 2217 1480 2301 impetu,
1536 2217 1710 2300 quod
1758 2237 2022 2282 necesse
2077 2216 2226 2302 fuit,

195 2304 500 2388 perculsa
553 2308 749 2388 atque
803 2308 1164 2389 prostrata3
1219 2305 1675 2370 constituenda
1727 2305 1990 2388 iudicia,
2044 2325 2225 2370 revo-

111 2413 169 2456 25
201 2393 406 2456 canda
449 2393 628 2477 fides,
679 2392 1196 2476 comprimendae
1240 2392 1566 2477 libidines,
1609 2392 2030 2478 propaganda
2077 2394 2225 2457 sub-

200 2481 357 2564 oles,
387 2481 620 2564 omnia,
651 2501 813 2564 quae
830 2480 1083 2564 dilapsa
1100 2480 1230 2544 iam
1247 2479 1683 2565 diffluxerunt,
1704 2481 1946 2546 severis
1964 2481 2225 2567 legibus

195 2568 538 2634 vincienda
591 2573 760 2633 sunt.
850 2567 1007 2633 Non
1048 2567 1178 2633 fuit
1222 2569 1650 2633 recusandum
1695 2568 1765 2634 in
1808 2572 1995 2633 tanto
2045 2569 2223 2634 civili
2242 2579 2313 2628 24

193 2657 392 2741 bello,
438 2660 625 2722 tanto
672 2657 1035 2722 animorum
1078 2656 1307 2721 ardore
1343 2661 1411 2720 et
1446 2677 1794 2740 armorum,
1840 2657 1999 2741 quin
2037 2677 2225 2740 quas·

199 2748 348 2808 sata
417 2765 522 2808 res
587 2744 877 2829 publica,
946 2743 1335 2830 quicumque
1409 2745 1566 2809 belli
1638 2747 1908 2809 eventus
1970 2743 2225 2827 fuisset,

111 2856 171 2897 so
205 2832 416 2896 multa
468 2832 767 2916 perderet
821 2835 890 2898 et
944 2836 1327 2898 ornamenta
1381 2832 1723 2917 dignitatis
1778 2835 1847 2896 et
1899 2831 2227 2914 praesidia

198 2920 589 2985 stabilitatis
635 2941 808 3006 suae,
853 2921 1188 3005 multaque
1232 2924 1508 3005 uterque
1552 2920 1683 2985 dux
1727 2919 1972 2984 faceret
2018 2938 2227 2983 arma-

111 3065 120 3073 .
197 3011 337 3091 tus,
419 3029 583 3092 quae
662 3009 836 3074 idem
907 3012 1175 3095 togatus
1247 3008 1392 3073 fieri
1462 3008 1925 3092 prohibuisset.
2042 3004 2225 3082 Quae

198 3095 465 3178 quidem
519 3096 644 3160 tibi
695 3118 868 3162 nunc
922 3097 1143 3162 omnia
1194 3097 1355 3161 belli
1407 3097 1677 3161 vulnera
1720 3094 2008 3159 sananda
2052 3097 2227 3178 sunt,

200 3183 441 3266 quibus
486 3189 746 3268 praeter
791 3189 860 3248 te
903 3185 1148 3250 mederi
1191 3205 1384 3250 nemo
1430 3187 1670 3268 potest.
1760 3182 1993 3266 Itaque
2038 3181 2224 3245 illam
2242 3189 2313 3239 25

107 3295 167 3338 ετ,
199 3275 385 3335 tuam
438 3272 1027 3354 praeclarissimam
1080 3277 1148 3337 et
1195 3271 1749 3372 sapientissimam
1791 3291 2019 3336 vocem
2063 3269 2225 3333 invi-

197 3364 311 3424 tus
375 3359 620 3424 audivi.
685 3357 887 3425 ‘Satis
941 3360 1054 3424 diu
1105 3361 1210 3425 vel
1261 3363 1535 3425 naturae
1590 3359 1724 3424 vixi
1776 3359 1881 3424 vel
1934 3355 2223 3444 gloriae?

200 3445 410 3531 Satis,
473 3448 531 3512 si
593 3448 690 3512 ita
753 3449 882 3530 vis,
943 3448 1225 3513 fortasse
1289 3450 1589 3528 naturae,
1652 3447 1819 3512 addo
1875 3447 2103 3524 etiam,
2168 3443 2228 3510 si
2280 3445 2286 3451 ’
