2550 3875
281 477 322 538 Ἴ

252 565 325 613 20

250 1395 321 1443 21

254 2276 323 2324 22

279 3119 321 3183 8

247 3210 323 3257 23

340 156 478 220 482
577 155 657 209 IN
695 155 769 210 M.
809 153 1203 209 ANTONIUM
1242 153 1509 208 ORATIO
1547 153 1955 208 PHILIPPICA
1993 153 2142 208 VIII.

343 316 570 402 generi
627 315 983 399 querellam
1042 315 1372 380 moderate
1430 315 1635 400 ferat,
1691 336 1898 399 aequo
1957 314 2176 380 animo
2224 317 2398 380 latu·

343 427 491 468 rum
539 425 750 468 amici.

479 491 692 556 Venio
756 491 838 555 ad
894 491 1181 575 reliquos
1240 492 1631 574 consularis,
1697 513 1977 575 quorum
2033 512 2227 556 nemo
2288 497 2394 556 est

346 577 515 664 (iure
552 579 678 644 hoc
716 601 862 644 meo
902 579 1095 664 dico),
1139 580 1300 663 quin
1339 602 1593 644 mecum
1628 579 1872 644 habeat
1911 579 2201 662 aliquam
2241 601 2393 645 con·
2540 641 2541 652 ,

345 667 746 732 iunctionem
820 669 1091 753 gratiae,
1166 668 1278 732 alii
1343 669 1722 751 maximam,
1796 667 1910 732 alii
1973 667 2391 750 mediocrem,
2437 694 2459 734 5
2540 681 2541 752 ᾗ

346 777 538 820 nemo
586 755 853 820 nullam.
938 755 1149 832 Quam
1197 757 1542 822 hesternus
1590 757 1728 820 dies
1775 756 1986 839 1101013,
2033 756 2392 820 consulari·

347 844 470 908 bus
526 843 669 908 dico
680 895 697 927 ,
755 845 967 927 turpis
1022 845 1288 909 inluxit!
1382 844 1632 909 Iterum
1683 845 1984 930 legatos?
2075 841 2278 927 Quid,
2334 845 2390 908 si

344 932 457 996 ille
514 931 759 996 faceret
813 931 1151 997 inducias?
1242 930 1418 996 Ante
1475 955 1548 997 os
1605 933 1956 1016 oculosque
2013 933 2390 1017 legatorum

344 1021 694 1085 tormentis
731 1020 1059 1084 Mutinam
1105 1021 1492 1103 verberavit,
1539 1042 1702 1104 opus
1752 1021 2140 1104 ostendebat
2180 1021 2390 1084 muni-

344 1109 720 1192 tionemque
766 1109 1025 1194 legatiS,
1069 1130 1151 1172 ne
1196 1113 1510 1193 punctum
1549 1108 1812 1193 quidem
1851 1109 2190 1192 temporiS,
2235 1130 2388 1173 00111
2415 1136 2462 1174 ιο
2539 1183 2541 1188 .

346 1197 548 1282 legati
596 1197 918 1280 adessent,
964 1197 1370 1282 oppugnatio
1409 1197 1774 1280 respiravit.
1857 1197 1962 1260 Ad
1998 1197 2172 1262 hunc
2211 1197 2390 1281 lega-

343 1285 497 1349 tos?
553 1285 711 1350 cur?
766 1307 851 1349 an
904 1289 981 1348 ut
1036 1307 1262 1349 eorum
1318 1285 1532 1350 reditu
1583 1284 2032 1349 vehementius
2079 1285 2387 1368 pertime-

346 1373 591 1438 scatis?
682 1372 1007 1455 Equidem
1059 1395 1209 1437 cum
1255 1378 1408 1437 ante
1455 1373 1712 1458 legatos
1759 1373 2019 1438 decerni
2062 1394 2197 1436 non
2245 1394 2390 1437 cen-

346 1462 642 1544 suissem,
687 1461 812 1525 hoc
859 1483 962 1525 me
1010 1465 1231 1524 tamen
1278 1462 1685 1545 consolabar,
1732 1460 1926 1545 quod,
1973 1483 2120 1526 cum
2159 1460 2265 1524 illi
2304 1461 2386 1524 ab

343 1549 637 1613 Antonio
686 1549 1045 1632 contempti
1093 1553 1160 1613 et
1206 1548 1433 1613 reiecti
1483 1549 1908 1614 revertissent
1954 1548 2388 1614 renuntiavis-
2417 1576 2463 1616 15

344 1641 621 1720 sentque
678 1637 931 1701 senatui
987 1659 1119 1701 non
1178 1637 1371 1702 modo
1430 1637 1617 1703 illum
1672 1637 1750 1702 de
1799 1635 2019 1701 Gallia
2071 1659 2207 1701 non
2263 1637 2390 1701 dis—

345 1726 646 1806 cessisse,
702 1725 800 1789 uti
856 1725 1360 1808 censuissemuS‚
1416 1726 1528 1790 sed
1583 1747 1663 1789 110
1721 1747 1760 1789 0
1805 1725 2064 1790 Mutina
2120 1724 2390 1808 quidem

346 1813 718 1896 recessisse,
772 1816 1169 1896 potestatem
1226 1813 1355 1878 sibi
1403 1812 1480 1878 D.
1527 1813 1721 1878 Bruti
1778 1812 2204 1878 conveniendi
2255 1836 2391 1878 non

343 1900 565 1987 fuisse,
600 1901 923 1985 sperabam
958 1901 1098 1967 fore
1126 1905 1203 1966 ut
1230 1923 1458 1967 omnes
1487 1901 1874 1967 inflammati
1905 1901 2073 1985 odio,
2112 1901 2388 1967 excitati

343 1991 566 2055 dolore
641 1990 869 2073 armis,
942 1991 1127 2074 equis
1137 2041 1155 2073 ,
1229 1992 1386 2055 viris
1452 1989 1529 2053 D.
1594 1990 1804 2055 Bruto
1870 1990 2389 2055 subveniremus.
2414 2020 2463 2058 κο

342 2078 486 2143 Νο3
534 2079 734 2143 etiam
780 2079 1223 2164 languidiores
1269 2084 1503 2161 postea
1546 2078 1708 2143 facti
1755 2100 1998 2161 sumus,
2050 2100 2252 2161 quam
2301 2079 2388 2143 M.

345 2166 595 2231 Antoni
649 2189 784 2231 non
829 2166 1041 2231 solum
1090 2167 1426 2231 audaciam
1473 2172 1540 2231 et
1587 2167 1825 2250 300103,
1882 2166 1994 2230 sed
2041 2166 2245 2231 etiam
2297 2167 2390 2231 in-

346 2254 696 2318 solentiam
734 2255 1235 2338 superbiamque
1271 2256 1738 2339 perspeximus.
1811 2254 2085 2319 Utinam
2124 2254 2198 2318 L.
2228 2253 2391 2321 Cae-

344 2363 455 2406 sar
508 2343 782 2425 valeret‚
842 2340 1105 2407 Servius
1163 2341 1491 2426 Sulpicius
1548 2343 1820 2407 viveret!
1877 2344 2088 2407 multo
2145 2343 2388 2407 melius

342 2430 505 2494 haec
560 2452 757 2495 causa
812 2436 1116 2516 ageretur
1173 2453 1213 2495 a
1267 2432 1480 2495 tribus
1490 2482 1507 2514 ,
1565 2453 1759 2515 quam
1809 2452 1981 2495 nunc
2029 2430 2254 2516 agitur
2303 2433 2385 2495 ab
2413 2459 2462 2499 25

342 2540 493 2582 0110.
575 2517 892 2583 Dolenter
936 2520 1061 2585 hoc
1109 2518 1322 2583 dicam
1367 2520 1594 2602 potius
1637 2541 1834 2603 quam
1881 2519 2386 2584 contumeliose:

341 2606 631 2690 Deserti,
688 2607 955 2689 deserti,
1001 2608 1297 2690 inquam,
1345 2629 1596 2690 30111113,
1641 2612 1863 2691 patres
1912 2608 2304 2691 conscripti,
2351 2631 2389 2671 a

341 2694 767 2779 principibus,
870 2693 997 2760 Sed
1062 2694 1285 2780 (saepe
1349 2696 1480 2759 iam
1545 2694 1706 2780 dixi)
1773 2716 1998 2760 omnes
2061 2695 2130 2759 in
2192 2700 2386 2760 tanto

340 2783 653 2866 periculo,
702 2784 813 2867 qui
861 2787 1035 2847 recte
1082 2787 1149 2847 et
1195 2782 1461 2847 fortiter
1507 2784 1808 2866 sentient,
1855 2787 2048 2848 erunt
2089 2784 2388 2848 consula-

344 2893 468 2936 res.
533 2871 847 2935 Animum
884 2871 1076 2935 nobis
1116 2870 1368 2935 adferre
1408 2872 1609 2957 legati
1646 2872 2038 2957 debuerunt3
2075 2872 2386 2937 timorem
2412 2899 2460 2937 so

340 2960 708 3024 attulerunt
755 2958 1180 3045 (quamquam
1225 2959 1388 3024 mihi
1437 2959 1696 3043 quidem
1731 2957 2033 3044 nullum),
2084 2961 2388 3043 quamvis

342 3047 420 3112 de
467 3047 613 3130 illo,
665 3048 745 3111 ad
794 3069 987 3131 quem
1033 3048 1217 3112 missi
1266 3051 1448 3131 sunt,
1494 3049 1657 3112 bene
1705 3048 2110 3131 existiment3
2165 3070 2206 3111 0
2251 3070 2387 3132 quo

343 3135 545 3199 etiam
600 3136 909 3199 mandata
970 3141 1377 3219 acceperunt.
1469 3135 1598 3201 Pro
1655 3136 1720 3199 di
1775 3136 2211 3200 immortales!
2268 3138 2390 3201 ubi

343 3226 448 3287 est
501 3223 613 3286 ille
670 3244 813 3287 mos
870 3223 1207 3307 virtusque
1264 3224 1630 3288 maiorum?
1731 3222 1802 3290 C.
1858 3224 2154 3307 Popilius
2210 3225 2390 3307 apud

342 3311 623 3374 maiores
686 3315 949 3375 nostros
1015 3334 1163 3376 cum
1228 3313 1313 3375 ad
1365 3312 1767 3377 Antiochum
1832 3332 2055 3398 regem
2118 3312 2388 3397 legatus
2415 3338 2466 3379 ³5

341 3398 585 3461 missus
632 3402 806 3462 esset
853 3403 920 3463 et
964 3399 1181 3464 verbis
1230 3404 1496 3464 senatus
1543 3401 1932 3485 nuntiasset,
1983 3404 2057 3465 ut
2104 3400 2186 3464 ab
2233 3400 2390 3465 Ale-

342 3484 627 3547 xandrea
672 3485 1057 3571 discederet,
1110 3508 1305 3571 quam
1355 3488 1723 3574 obsidebat,
1771 3511 1918 3555 cum
1963 3493 2226 3573 tempus
2272 3489 2390 3553 ille
