2550 3875
327 116 460 180 278
766 111 909 166 PRO
945 110 1008 166 Τ.
1045 108 1281 165 ANNIO
1318 107 1604 166 MJLONE
1642 107 1934 164 ORATIO.

472 270 689 328 Deinde
741 270 806 325 Τ.
849 269 1138 323 Munatius
1181 269 1425 322 Plancus
1478 266 1741 322 tribunus
1787 268 1866 337 pl.
1912 266 2385 335 produxeratin

331 342 653 398 contionem
679 340 753 396 M.
776 339 1083 394 Aemilium
1101 335 1506 406 Philemonem,
1533 340 1733 392 notum
1758 336 2061 405 hominem,
2092 337 2382 392 libertum

332 415 408 468 M.
454 412 668 493 Lepidi.
749 411 814 466 Is
857 425 918 464 se
966 409 1196 464 dicebat
1240 408 1562 480 pariterque
1608 424 1801 462 secum
1844 409 2113 476 quattuor
2150 408 2379 463 liberos

331 482 590 538 1161111666
631 483 743 536 iter
786 480 1060 536 facientes
1097 481 1510 550 supervenisse,
1558 496 1687 533 cum
1722 477 1952 535 Clodius
1989 477 2377 546 occideretur,

334 555 394 608 et
438 553 511 609 ob
547 552 608 606 id
644 569 772 606 cum
806 553 1282 632 proclamassent,
1330 551 1597 620 abreptos
1633 551 1693 604 et
1725 565 1829 620 per
1865 548 2005 604 duos
2043 565 2271 604 menses
2310 550 2379 604 in

331 623 472 678 villa
506 621 736 677 Milonis
781 622 1108 692 praeclusos
1154 621 1355 689 fuisse,
1406 637 1582 690 eaque
1626 635 1718 674 res
1766 635 1865 674 seu
1911 635 2047 674 vera
2083 636 2184 674 seu
2220 620 2381 674 falsa

333 710 601 762 magnam
644 692 923 747 invidiam
967 692 1171 747 Miloni
1227 693 1598 747 contraxerat.
1679 689 1933 758 Itemque
1970 690 2264 752 Munatius
2312 693 2381 745 et

333 764 635 833 Pompeius
672 763 888 818 tribuni
921 764 1000 832 pl.
1038 763 1100 816 in
1134 765 1319 818 rostra
1356 763 1740 833 produxerant
1764 761 2121 816 triumvirum
2150 761 2377 831 capita-

331 837 447 889 lem
501 851 739 902 eumque
792 835 1307 902 interrogaverant,
1368 849 1444 887 an
1488 831 1780 900 Galatam,
1835 830 2067 887 Milonis
2122 848 2375 899 servum,

335 905 538 960 caedes
583 905 889 960 facientem
926 904 1403 973 deprehendisset.
1477 903 1582 958 1116
1618 901 1992 958 dormientem
2026 901 2089 956 in
2124 874 2375 957 taberna

372 993 435 1030 ro
480 975 723 1045 fugitivo
766 977 1109 1045 prehensum
1143 977 1204 1030 et
1238 974 1316 1028 ad
1352 991 1411 1029 se
1447 973 1782 1045 perductum
1816 989 1939 1029 esse
1968 974 2373 1054 responderat.

331 993 822 1102 {enuntiaverant
863 1047 1057 1099 tamen
1100 1045 1423 1112 triumviro,
1468 1061 1542 1099 116
1587 1061 1809 1099 servum
1844 1042 2178 1099 remitteret.
2257 1043 2377 1099 Sed

332 1120 562 1187 postera
625 1117 718 1171 die
775 1116 997 1171 Caelius
1058 1115 1320 1170 tribunus
1383 1116 1460 1196 pl.
1524 1118 1583 1169 et
1629 1117 1701 1198 Q.
1755 1113 2025 1168 Manilius
2081 1113 2376 1168 Cumanus

335 1188 558 1258 collega
601 1190 720 1242 eius
766 1188 1021 1268 ereptum
1065 1204 1097 1242 6
1147 1186 1315 1240 domo
1363 1185 1647 1240 triumviri
1682 1201 1903 1240 servum
1940 1183 2140 1239 Miloni
2177 1185 2374 1240 reddi-

336 1259 550 1314 derant.
623 1257 805 1326 Haec,
848 1256 958 1312 etsi
993 1255 1211 1311 nullam
1247 1256 1319 1310 de
1354 1256 1445 1310 his
1484 1255 1811 1310 criminibus
1847 1255 2196 1310 mentionem
2230 1255 2378 1310 fecit

333 1329 546 1396 016616,
581 1331 794 1394 tamen,
831 1329 965 1397 quia
998 1327 1086 1382 ita
1120 1343 1519 1396 compereram,
1554 1325 1755 1396 putavi
1790 1325 2137 1395 exponenda.
2214 1326 2376 1381 Inter

331 1400 545 1480 primos
583 1401 642 1454 et
679 1398 743 1478 Q.
771 1397 1070 1480 Pompeius
1109 1398 1169 1453 et
1195 1397 1255 1454 0.
1286 1397 1589 1452 Sallustius
1626 1400 1687 1452 et
1713 1396 1776 1451 Τ.
1805 1396 2093 1450 Munatius
2120 1396 2372 1451 Plancus

333 1469 550 1525 tribuni
594 1468 673 1539 pl.
711 1469 1130 1523 inimicissimas
1168 1467 1461 1523 contiones
1500 1469 1570 1522 de
1608 1467 1821 1522 Milone
1856 1467 2172 1536 habebant,
2222 1467 2371 1522 invi-

335 1541 524 1594 diosas
571 1489 746 1593 etiam
791 1539 863 1593 de
901 1539 1192 1619 Cicerone,
1240 1539 1393 1608 quod
1428 1537 1701 1593 Milonem
1742 1539 1906 1592 tanto
1944 1537 2135 1592 studio
2174 1538 2369 1593 defen-

336 1612 520 1678 deret,
568 1612 800 1678 eratque
845 1609 1094 1664 maxima
1136 1625 1268 1679 pars
1314 1609 1696 1663 multitudinis
1741 1607 1966 1662 infensa
2008 1625 2123 1662 non
2182 1608 2371 1663 solum

334 1680 561 1747 Miloni,
635 1680 737 1734 sed
812 1680 986 1735 etiam
1046 1682 1281 1749 propter
1341 1680 1587 1762 invisum
1629 1679 2025 1760 patrocinium
2090 1677 2346 1735 Ciceroni

335 1751 545 1805 Postea
572 1749 874 1820 Pompeius
911 1753 970 1805 et
996 1750 1300 1805 Sallustius
1337 1752 1397 1805 in
1434 1768 1526 1805 sus
1570 1749 1753 1806 icione
1789 1751 2017 1804 fuerunt
2050 1749 2269 1805 redisse
2304 1751 2367 1804 in

335 1822 579 1903 gratiam
616 1838 744 1876 cum
779 1820 991 1876 Milone
1029 1838 1096 1876 ac
1133 1821 1416 1877 Cicerone.
1488 1821 1533 1874 P
1560 1837 1731 1876 ancus
1770 1825 1959 1875 autem
1995 1820 2365 1876 infestissime

333 1892 587 1963 perstitit
631 1894 800 1961 atque
846 1893 909 1947 in
943 1891 1267 1948 Ciceronem
1315 1908 1534 1961 quoque
1578 1890 2003 1947 multitudinem
2046 1891 2364 1962 instigavit,

334 1964 604 2045 Pompeio
667 1966 860 2019 autem
907 1966 1248 2045 'suspectum
1306 1963 1559 2018 faciebat
1602 1963 1876 2017 Milonem
1930 1963 2005 2016 ad
2054 1963 2365 2032 perniciem

231 2044 236 2053 '
338 2034 457 2089 eius
507 2036 822 2115 comparari
866 2033 983 2088 vim
1027 2034 1397 2101 vociferatus,
1444 2033 1857 2103 Pompeiusque
1908 2033 1981 2089 ob
2030 2049 2099 2087 ea
2136 2035 2361 2115 saepius

335 2106 676 2173 querebatur
711 2105 822 2159 sibi
859 2121 1082 2174 666666
1117 2104 1240 2159 fieri
1273 2075 1539 2175 insidias,
1584 2106 1644 2159 et
1677 2104 1740 2158 id
1776 2103 1991 2174 Ρ,616111
2047 2120 2115 2159 66
2148 2105 2364 2160 maiore

333 2192 505 2229 manu
551 2192 611 2229 se
658 2176 931 2231 armabat.
1012 2175 1306 2230 Dicturum
1352 2191 1573 2243 666666
1620 2123 1812 2228 diemp
1817 2173 2074 2229 Ciceroni
2118 2174 2362 2230 Plancus

335 2245 688 2315 ostenderat,
742 2249 943 2315 postea
986 2249 1176 2301 autem
1223 2246 1286 2312 Q.
1331 2244 1630 2314 Pompeius
1675 2245 1828 2300 idem
1870 2243 2168 2299 minitatus
2224 2248 2361 2302 erat.

332 2315 516 2370 Tanta
549 2318 744 2371 tamen
779 2318 1102 2371 constantia
1139 2332 1206 2371 ac
1240 2316 1380 2369 fides
1417 2316 1528 2371 fuit
1565 2315 1878 2383 Ciceronis,
1917 2318 1983 2369 ut
2016 2332 2131 2371 non
2165 2318 2361 2397 populi

335 2402 372 2440 a
409 2402 468 2440 se
506 2385 877 2454 alienatione,
922 2404 1036 2441 non
1073 2386 1168 2443 Cn.
1204 2386 1441 2456 Pompei
1477 2386 1916 2456 suspicionibus,
1959 2402 2073 2441 non
2095 2386 2361 2468 periculo

335 2457 609 2525 futurum,
647 2459 713 2511 ut
749 2458 859 2511 sibi
895 2458 1017 2513 dies
1054 2458 1129 2511 ad
1163 2458 1438 2527 populum
1474 2457 1779 2524 diceretur,
1818 2473 1933 2512 non
1969 2456 2167 2525 611616,
2216 2474 2361 2526 6666

334 2526 527 2608 palam
569 2527 632 2581 in
666 2527 937 2583 Milonem
985 2530 1210 2598 sumpta
1257 2530 1449 2596 erant,
1500 2498 1779 2583 deterreri
1807 2528 2060 2597 potuerit
2098 2544 2134 2582 a
2170 2527 2361 2583 defen·

336 2597 493 2679 sione
540 2599 686 2665 eius,
735 2616 861 2653 cum
903 2601 1100 2668 posset
1144 2616 1308 2653 omne
1355 2598 1667 2668 periculum
1692 2614 1866 2651 suum
1904 2598 1963 2651 et
1998 2597 2362 2654 offensionem

334 2667 599 2723 inimicae
663 2667 775 2723 sibi
838 2668 1223 2724 multitudinis
1288 2669 1605 2735 declinare,
1666 2668 1943 2723 redimere
2007 2671 2199 2723 autem
2264 2667 2359 2725 Cn.

333 2739 566 2808 Pompei
613 2740 888 2807 animum,
937 2743 986 2794 si
1029 2740 1264 2810 paulum
1308 2755 1378 2794 ex
1423 2738 1613 2793 studio
1652 2738 1995 2794 defensionis
2030 2738 2358 2795 remisisset.

475 2809 706 2864 Perlata
741 2783 946 2865 dein'de
983 2810 1112 2879 lege
1146 2807 1441 2878 Pompeia,
1488 2810 1551 2864 in
1584 2826 1699 2891 qua
1732 2809 1795 2863 id
1830 2824 2052 2878 quoque
2090 2810 2359 2879 scriptum

334 2882 474 2947 erat,
511 2885 577 2935 ut
614 2880 900 2948 quaesitor
938 2879 1204 2961 suffragio
1241 2880 1439 2949 populi
1474 2898 1544 2935 ex
1579 2880 1669 2949 116,
1706 2878 1805 2948 661
1833 2879 2091 2934 consules
2118 2880 2357 2948 fuerant,

331 2952 640 3018 crearetur,
689 2952 886 3005 statim
923 2950 1157 3006 comitia
1191 2951 1416 3018 habita,
1460 2923 1794 3019 creatusque
1823 2951 1949 3004 erat
1981 2950 2041 3006 L.
2078 2950 2357 3006 Domitius

331 3021 744 3075 Ahenobarbus
792 3021 1098 3090 quaesitor.
1181 3020 1392 3076 Album
1438 3038 1661 3090 666666
1706 3020 1983 3088 iudicum,
2032 3020 2132 3088 qui
2178 3021 2251 3075 de
2295 3037 2359 3076 ea

332 3107 392 3145 re
437 3090 781 3159 iudicarent,
827 3092 1126 3162 Pompeius
1171 3092 1292 3146 tale
1334 3091 1657 3162 proposuit,
1716 3093 1783 3145 ut
1824 3106 2134 3160 numquam
2179 3107 2357 3160 neque

333 3161 600 3217 clariores
664 3162 816 3217 viros
879 3179 1063 3231 neque
1128 3162 1440 3217 sanctiores
1503 3161 1825 3233 propositos
1881 3177 2005 3218 esse
2060 3164 2356 3217 constaret.

333 3233 472 3286 Post
525 3232 678 3300 quod
735 3233 930 3287 statim
978 3249 1128 3289 nova
1178 3232 1307 3303 lege
1360 3234 1497 3287 Milo
1551 3232 1873 3303 postulatus
1924 3238 2003 3288 est
2056 3248 2092 3286 a
2146 3232 2355 3287 duobus

333 3301 535 3381 Appiis
575 3302 825 3357 Claudiis
871 3252 1331 3357 adulescentibus
1369 3304 1575 3370 isdem,
1624 3320 1661 3358 a
1697 3303 1899 3372 quibus
1936 3305 2110 3358 antea
2142 3302 2358 3357 familia

333 3371 457 3425 6166
494 3370 680 3426 fuerat
716 3374 1032 3456 postulata,
1071 3373 1319 3441 itemque
1358 3373 1428 3427 de
1466 3374 1685 3428 ambitu
1697 3322 1794 3428 qab
1832 3373 2015 3428 isdem
2049 3373 2137 3443 Ap
2178 3372 2267 3442 iis,
2303 3376 2356 3428 et

332 3443 630 3508 praeterea
677 3444 743 3497 de
786 3446 845 3497 vi
879 3461 914 3497 a
951 3442 1014 3508 Q.
1051 3442 1311 3497 Patulcio
1348 3446 1408 3497 et
1443 3444 1501 3499 L.
1542 3443 1855 3509 Cornificio,
1894 3445 1964 3498 de
2002 3444 2103 3499 sod
2166 3444 2290 3499 16116
2322 3460 2356 3497 a
