2550 3875
907 151 1063 204 CAP.
1104 156 1239 204 1—3
1278 156 1310 216 3
1352 155 1505 206 1-1.
2093 150 2228 216 439

176 333 379 378 arma
434 311 748 396 ceperint,
804 312 871 376 et
925 312 1179 398 legatos
1236 311 1319 375 ad
1372 311 1738 376 Antonium
1791 311 2103 377 mittere?
2148 315 2227 377 ut

176 402 325 466 iam
380 401 752 485 pudendum
808 401 897 464 sit
948 399 1329 464 honestiora
1383 401 1641 464 decreta
1694 419 1835 464 esse
1889 400 2228 486 legionum

180 511 394 573 quam
442 493 733 572 senatus,
780 488 1101 572 siquidem
1138 487 1430 573 legiones
1469 488 1889 554 decreverunt
1927 493 2229 552 senatum

5 649 8 654 ,
181 577 537 642 defendere
594 580 821 642 contra
866 575 1255 660 Antonium,
1313 580 1578 641 senatus
1625 576 1914 642 decernit
1966 577 2226 662 legatos

112 691 151 731 5
185 667 277 730 ad
342 664 724 729 Antonium.
832 660 1075 729 Utrum
1136 665 1264 729 hoc
1329 667 1430 728 est
1493 665 1876 729 confirmare
1939 665 2228 730 militum

182 754 448 818 animos
504 773 589 816 an
641 753 984 817 debilitare
1037 752 1396 816 virtutem?
1493 751 1642 817 Hoc
1695 753 1831 816 dies
1887 753 2280 818 duodecima

181 841 627 926 profecerunt,
671 845 765 925 ut,
812 863 1005 925 quem
1046 861 1240 905 nemo
1281 843 1544 925 praeter
1581 837 1886 924 Cotylam
1922 841 2226 907 inventus

184 930 283 994 sit
334 931 444 1013 qui
490 928 876 1013 defenderet,
920 928 978 1010 is
1023 929 1265 992 habeat
1311 929 1442 993 iam
1489 933 1805 1012 patronos
1843 929 2044 993 etiam
2081 951 2228 994 con-

188 1018 491 1082 sulares?
612 1017 740 1093 Qui
811 979 1067 1082 utinam
1140 1039 1365 1083 omnes
1439 1021 1590 1081 ante
1664 1038 1768 1080 me
1835 1017 2228 1082 sententiam

89 1131 159 1172 ιο
187 1107 613 1191 rogarentur!
690 1103 1113 1190 (quamquam
1178 1105 1501 1190 suspicor,
1573 1104 1728 1189 quid
1791 1105 2030 1169 dicturi
2094 1106 2227 1169 sint

189 1195 463 1280 quidam
499 1215 743 1277 eorum,
782 1194 894 1278 qui
930 1196 1085 1276 post
1111 1215 1215 1257 me
1244 1190 1682 1294 rogabuntur)
1711 1193 1970 1257 facilius
1999 1197 2230 1258 contra

189 1283 506 1367 dicerem,
561 1282 619 1347 si
676 1282 830 1365 quid
885 1282 1229 1346 videretur.
1330 1281 1458 1346 Est
1511 1281 1686 1345 enim
1742 1280 1962 1365 opinio
2015 1281 2229 1346 decre-

188 1375 419 1436 turum
466 1370 751 1454 aliquem
796 1369 1087 1434 Antonio
1124 1370 1311 1434 illam
1345 1369 1650 1434 ultimam
1690 1367 1992 1453 Galliam,
2031 1391 2229 1453 quam

189 1458 477 1523 Plancus
544 1459 817 1523 obtinet.
925 1455 1095 1532 Quid
1155 1462 1258 1522 est
1323 1453 1499 1521 aliud
1564 1457 1783 1522 omnia
1847 1458 1928 1521 ad
1979 1457 2229 1522 bellum

104 1570 162 1611 15
194 1547 391 1612 civile
434 1547 615 1611 hosti
662 1567 843 1610 arma
888 1544 1145 1632 largiri,
1198 1546 1486 1630 primum
1527 1567 1763 1611 nervos
1811 1545 1995 1629 belli,
2041 1567 2230 1629 pecu-

189 1636 376 1700 niam
438 1634 793 1718 infinitam,
869 1657 997 1718 qua
1058 1655 1231 1699 nunc
1297 1637 1474 1718 eget,
1550 1634 1778 1698 deinde
1843 1597 2230 1718 equitatum,

193 1726 517 1809 quantum
578 1685 793 1788 velit‘?²
894 1722 1286 1805 Equitatum
1349 1721 1520 1786 dico·
1505 1771 1522 1806 ,
1594 1721 1951 1806 dubitabit,
2017 1723 2228 1806 credo,

194 1812 415 1898 gentis
459 1812 772 1875 barbaras
820 1831 1042 1876 secum
1088 1810 1420 1875 adducere.
1508 1808 1657 1875 Hoc
1704 1810 1816 1894 qui
1859 1832 1996 1874 non
2030 1810 2227 1893 videt,

197 1921 445 1985 excors,
493 1900 622 1984 qui,
660 1918 808 1965 cum
845 1899 1041 1984 videt,
1077 1898 1383 1983 decernit,
1419 1898 1661 1983 impius
1697 1903 1800 1964 est.
1881 1897 1982 1963 Tu
2019 1898 2227 1964 civem
2248 1912 2280 1960 6

108 2014 167 2054 20
198 1989 588 2055 sceleratum
663 1992 747 2053 et
800 1988 1127 2073 perditum
1203 1986 1545 2052 Gallorum
1617 1991 1686 2051 et
1751 1984 1944 2051 Germ
1953 2006 2228 2052 anorum

194 2077 491 2163 pecunia,
543 2077 865 2161 peditatu,
922 2077 1247 2161 equitatu,
1305 2075 1511 2160 copiis
1565 2075 1896 2140 instrues‘?
1987 2071 2227 2140 Nullae

195 2168 366 2231 istae
404 2165 853 2230 excusationes
892 2169 1071 2229 sunt:
1110 2164 1320 2229 ‘Meus
1350 2163 1596 2228 amicus
1627 2162 1769 2227 est?
1845 2162 1947 2228 Sit
1973 2164 2228 2248 patriae

197 2254 397 2339 prius.
490 2252 699 2318 ‘Meus
746 2252 1105 2338 cognatus?
1188 2252 1297 2317 An
1339 2256 1562 2337 potest
1608 2251 1918 2353 cognatio
1957 2253 2229 2337 propior

198 2343 335 2407 ulla
389 2362 528 2407 esse
586 2363 783 2425 quam
836 2342 1117 2426 patriae,
1170 2341 1242 2405 in
1297 2362 1426 2424 qua
1478 2345 1783 2424 parentes
1831 2340 2032 2405 etiam
2080 2364 2228 2407 con-

116 2453 173 2495 35
202 2430 536 2495 tinentur‘?
627 2428 818 2493 ‘Mihi
854 2430 1196 2514 pecuniam
1230 2428 1484 2493 tribuit.
1488 2427 1508 2455 ³
1594 2427 1802 2512 Cupio
1839 2429 2075 2514 videre,
2113 2430 2228 2514 qui

200 2520 268 2583 id
313 2518 546 2582 audeat
591 2518 818 2583 dicere.
854 2453 1082 2593 PQuid
1126 2520 1346 2582 autem
1394 2520 1653 2601 agatur,
1700 2539 1848 2582 cum
1895 2540 2228 2601 aperuero,

200 2605 389 2671 facile
427 2607 553 2671 erit
590 2610 897 2689 statuere,
936 2627 1132 2689 quam
1170 2605 1566 2669 sententiam
1603 2605 1837 2670 dicatis
1877 2609 1992 2669 aut
2029 2625 2228 2690 quam

205 2718 271 2760 se
316 2694 581 2759 1131111111.

274 2717 593 2868 quitur,
628 2786 854 2846 utrum
889 2780 977 2844 Μ.
1015 2779 1307 2844 Antonio
1334 2779 1614 2845 facultas
1644 2781 1834 2845 detur
1863 2780 2228 2864 opprimen-
2247 2782 2290 2845 3

124 2894 181 2935 so
207 2872 317 2936 dae
389 2871 485 2935 131
556 2870 884 2955 publicae,
956 2868 1169 2933 caedis
1233 2868 1565 2933 faciendae
1620 2869 1970 2951 bonorum,
2041 2868 2228 2932 urbis

206 2958 596 3037 dividundae,
705 2976 1015 3059 agrorum
1116 2956 1251 3021 suis
1339 2955 1708 3021 latronibus
1803 2918 2230 3039 condonandi,

206 3047 426 3201 {ggii}
473 3044 1848 3217 nliliffalibegtrmllldbitatgnqnliilddlaggttis
1864 3006 2230 3196 hoffimnoqi

209 3224 441 3289 cadunt
499 3222 659 3287 haec
726 3222 797 3285 in
848 3221 1230 3286 Antonium.
1331 3219 1480 3285 Hoc
1531 3240 1613 3284 113
1669 3218 1909 3305 Cotyla
1964 3219 2225 3303 quidem
2249 3233 2281 3281 ’τ

134 3332 184 3375 115
210 3312 410 3377 (113313
474 3310 757 3375 auderet.
859 3310 1030 3385 Quid
1086 3310 1258 3374 3111111
1313 3309 1385 3373 111
1439 3326 1584 3372 311111
1641 3329 1776 3373 11011
1831 3307 2032 3392 cadit,
2097 3308 2229 3393 qui,

211 3398 385 3465 cuius
430 3402 579 3463 acta
626 3420 695 3463 se
740 3397 1082 3463 defendere
1128 3397 1305 3481 dicit,
1352 3396 1490 3461 eius
1529 3416 1638 3461 eas
1675 3396 1855 3482 leges
1892 3396 2229 3481 pervertit,

212 3506 361 3572 quas
400 3486 679 3551 maxime
716 3486 982 3551 laudare
1018 3484 1442 3570 poteramus?
1517 3482 1640 3547 Ille
1676 3484 1946 3568 paludes
1985 3484 2234 3549 siccare
