2550 3875
418 174 554 236 430
602 172 680 225 m
716 171 791 227 M.
828 170 1219 225 ANTONIUM
1256 169 1370 227 OR.
1408 170 1590 225 Pnu..
1627 170 1725 224 111,
1789 169 1941 226 cAP.
1965 145 2048 224 '15
2086 176 2116 236 ς
2155 177 2409 226 37—39.

423 332 502 396 de
552 353 807 396 summa
852 354 921 396 re
966 332 1231 416 publica
1276 331 1480 396 libere
1528 331 1657 395 dici
1702 331 1978 416 possint,
2024 332 2102 396 de
2140 353 2218 396 ea
2254 354 2335 397 re
2377 333 2484 395 ita

422 441 683 502 censeo,
739 418 839 483 uti
894 418 961 485 O.
1017 417 1233 483 Pansa
1288 417 1367 483 A.
1412 418 1699 502 Hirtius,
1755 420 2054 484 consules
2108 420 2482 504 designati,

422 508 579 571 dent
626 528 918 591 operam,
963 507 1064 571 uti
1111 511 1375 572 senatus
1421 505 1733 572 Kalendis
1779 506 2102 572 Ianuariis
2149 512 2305 573 tuto
2355 508 2481 572 ha-

422 595 565 659 beri
621 595 851 677 possit.
944 593 1258 678 Quodque
1315 595 1600 659 edictum
1643 594 1723 659 D.
1769 595 1964 659 Bruti
2017 595 2479 680 imperatoriS,

425 682 711 748 consulis
750 683 1093 767 designati,
1136 683 1548 766 propositum
1585 683 1693 766 sit,
1740 687 2040 747 senatum
2076 684 2477 748 existimare
2531 708 2550 748 ε

424 769 505 836 D.
532 769 814 835 Brutum
850 770 1332 854 imperatorem,
1370 771 1702 835 consulem
1735 770 2168 856 designatum,
2205 773 2476 856 optime

421 859 499 923 de
555 880 625 922 re
680 858 945 942 publica
997 858 1259 942 mereri,
1315 880 1464 923 cum
1519 863 1783 923 senatus
1833 859 2298 924 auctoritatem
2348 883 2476 944 po-

420 945 684 1030 pulique
756 946 1036 1010 Romani
1117 946 1492 1010 libertatem
1572 947 2048 1031 imperiumque
2121 947 2473 1032 defendat3

330 1055 399 1104 38
422 1035 720 1118 quodque
792 1033 1195 1117 provinciam
1260 1033 1545 1098 Galliam
1617 1035 1987 1100 citeriorem
2051 1035 2466 1120 optimorum

422 1125 491 1186 et
534 1121 1046 1186 fortissimorum
1097 1122 1438 1204 [virorum]
1489 1123 2163 1208 amicissimorumque
2205 1124 2305 1188 rei
2342 1147 2550 1208 pu-1o

419 1209 630 1274 blicae
688 1210 925 1274 civium
981 1210 1464 1295 exercitumque
1519 1211 1588 1276 in
1649 1216 1910 1277 senatus
1965 1216 2302 1313 potestate
2361 1235 2467 1278 re·
2549 1286 2550 1301 χ

419 1297 646 1380 tineat,
699 1297 767 1362 id
812 1319 960 1362 eum
1006 1298 1490 1383 exercitumque
1539 1299 1696 1382 eius,
1742 1300 2113 1385 municipia,
2159 1301 2464 1366 colonias
2549 1344 2550 1347 =

418 1385 791 1469 provinciae
830 1383 1083 1449 Galliae
1125 1391 1301 1451 recte
1341 1391 1537 1471 atque
1576 1350 1800 1452 ordine
1837 1409 2041 1471 exque
2079 1410 2149 1453 re
2184 1389 2464 1472 publica

419 1473 651 1537 fecisse
698 1477 766 1538 et
808 1472 1040 1539 facere.
1116 1471 1430 1549 Senatum
1466 1475 1546 1538 ad
1583 1497 1906 1540 summam
1943 1497 2081 1539 rem
2116 1476 2461 1576 publicam

419 1561 743 1644 pertinere
792 1561 1099 1625 arbitrari
1144 1563 1227 1626 ab
1274 1561 1356 1628 D.
1401 1562 1611 1629 Bruto
1657 1566 1724 1628 et
1769 1561 1841 1626 L.
1885 1563 2127 1628 Planco
2173 1564 2458 1648 impera-
2490 1588 2534 1628 15

418 1648 702 1731 toribus,
750 1649 1124 1714 consulibus
1173 1650 1560 1735 designatis,
1605 1650 1893 1734 itemque
1940 1673 1980 1714 a
2025 1652 2285 1735 ceteriS,
2336 1653 2458 1736 qui

417 1699 785 1820 provincias
834 1738 1162 1823 optinent,
1218 1739 1500 1822 optineri
1547 1760 1624 1802 ex
1669 1739 1812 1824 lege
1859 1737 2058 1823 Iulia,
2110 1740 2324 1824 quoad
2369 1763 2458 1804 ex

418 1828 685 1890 senatus
734 1825 1032 1890 consulto
1081 1825 1312 1908 cuique
1359 1847 1585 1890 eorum
1631 1848 2002 1892 successum
2048 1826 2156 1911 sit,
2205 1849 2453 1928 eosque

418 1913 570 1978 dare
637 1935 927 1997 operam,
991 1918 1065 1979 ut
1130 1934 1240 1978 eae
1305 1913 1676 1998 provinciae
1741 1917 1934 2000 atque
1999 1915 2322 1982 exercitus
2379 1916 2452 1981 in

420 2002 631 2067 senati
694 2003 1049 2086 populique
1105 2001 1388 2067 Romani
1451 2006 1781 2086 potestate
1844 2004 2295 2088 praesidioque
2354 2006 2452 2068 rei
2479 2030 2528 2067 20

415 2089 715 2189 publicae
754 2091 903 2155 sint.
986 2089 1277 2173 Cumque
1316 2110 1530 2175 opera,
1573 2090 1836 2169 virtute,
1875 2092 2146 2157 consilio
2185 2091 2256 2158 O.
2293 2090 2452 2158 Cae-

418 2178 583 2241 saris
638 2200 1023 2262 summoque
1077 2200 1398 2243 consensu
1452 2179 1737 2243 militum
1791 2184 2276 2265 veteranorum,
2333 2182 2450 2265 qui

418 2266 555 2330 eius
623 2266 1082 2330 auctoritatem
1143 2266 1353 2330 secuti
1405 2266 1502 2331 rei
1555 2267 1856 2350 publicae
1911 2268 2236 2351 praesidio
2291 2274 2447 2333 sunt

417 2356 485 2416 et
539 2352 830 2436 fuerunt,
889 2376 926 2417 a
977 2354 1384 2439 gravissimis
1429 2354 1736 2437 periculis
1783 2355 2060 2439 populus
2107 2356 2444 2422 Romanus

328 2452 396 2501 39
417 2438 717 2504 defensus
766 2404 854 2504 si⁷t
900 2445 968 2505 et
1005 2442 1131 2506 hoc
1169 2445 1462 2543 tempore
1502 2442 1910 2527 defendatur3
1957 2465 2230 2527 cumque
2267 2446 2440 2530 legio
2469 2468 2512 2508 25

414 2526 657 2591 Martia
702 2527 911 2593 Albae
969 2530 1372 2615 constiterit,
1426 2530 1494 2593 in
1548 2530 1902 2614 municipio
1949 2531 2328 2597 fidelissimo
2377 2538 2444 2598 et
2537 2571 2550 2618 ,ς

414 2615 797 2700 fortissimo,
844 2638 1112 2701 seseque
1158 2617 1241 2681 ad
1287 2622 1552 2683 senatus
1589 2619 2052 2684 auctoritatem
2085 2620 2439 2705 populique

413 2704 695 2769 Romani
750 2704 1125 2769 libertatem
1180 2706 1558 2791 contulerit3
1619 2710 1686 2771 et
1742 2708 1915 2790 quod
1967 2708 2112 2791 pari
2169 2708 2437 2773 consilio

414 2794 766 2879 eademque
839 2793 1083 2857 virtute
1156 2794 1331 2879 legio
1406 2756 1640 2879 quai-ta
1709 2816 1832 2859 usa
1902 2793 1974 2858 L.
2046 2795 2434 2881 Egnatuleio

417 2886 761 2965 quaestore
808 2881 985 2966 duce,
1032 2882 1159 2947 civi
1196 2882 1479 2968 egregio,
1526 2886 1788 2947 senatus
1826 2884 2290 2948 auctoritatem
2324 2907 2432 2969 po·
2459 2910 2505 2949 ao

412 2970 679 3054 pulique
717 2969 1000 3034 Romani
1043 2970 1420 3035 libertatem
1456 2970 1760 3035 defendat
1801 2992 1877 3035 ac
1913 2969 2300 3037 defenderit:
2347 2996 2434 3037 se-

411 3058 599 3121 natui
645 3079 921 3143 magnae
970 3080 1161 3124 curae
1210 3080 1350 3123 esse
1388 3080 1463 3124 ac
1499 3058 1657 3143 fore,
1702 3062 1778 3122 ut
1813 3080 1935 3143 pro
1971 3059 2179 3125 tantis
2215 3082 2431 3125 eorum

410 3144 481 3209 in
518 3167 657 3209 rem
693 3145 1025 3228 publicam
1055 3145 1308 3211 meritis
1342 3146 1621 3211 honores
1651 3147 1744 3211 eis
1771 3147 2137 3212 habeantur
2165 3149 2431 3233 gratiae·

413 3255 537 3315 que
565 3232 945 3297 referantur.
996 3232 1265 3297 Senatui
1293 3233 1566 3318 placere,
1594 3235 1695 3299 uti
1723 3232 1793 3301 C.
1820 3233 2036 3299 Pansa
2062 3235 2142 3299 A.
2161 3234 2431 3318 Hirtius,

413 3320 710 3385 consules
768 3320 1120 3406 designati,
1180 3342 1328 3384 cum
1385 3323 1847 3406 magistratum
1891 3323 2194 3409 inissent,
2241 3324 2296 3389 si
2338 3326 2428 3389 eis
2457 3350 2501 3389 35

413 3406 759 3485 videretur,
786 3409 999 3491 primo
1023 3429 1279 3492 quoque
1299 3412 1592 3493 tempore
1613 3411 1689 3475 de
1707 3411 1812 3475 his
1832 3412 2026 3476 rebus
2048 3412 2131 3476 ad
2148 3412 2316 3477 hunc
2335 3435 2429 3477 or-

410 3492 627 3555 dinem
657 3493 989 3579 referrent,
1018 3497 1115 3558 ita
1140 3494 1242 3558 uti
1260 3517 1296 3559 e
1315 3518 1384 3559 re
1403 3497 1668 3579 publica
1686 3498 1937 3584 fideque
1959 3521 2077 3564 sua
2094 3500 2427 3565 videretur.
