2550 3875
787 180 939 238 cAP.
977 189 1186 238 67—69
1223 189 1254 250 ς
1290 190 1586 242 140-145.
2104 184 2192 248 63
2272 191 2276 200 ·

160 343 536 427 praesentis
571 343 825 410 fruetus
860 345 1303 432 neglegamus,
1338 347 1747 431 posteritatis
1787 347 2034 432 gloriae
2064 369 2191 412 ser-

163 431 453 515 viamus,
499 431 567 496 id
612 453 753 498 esse
801 435 1122 517 optimum
1165 439 1488 519 putemus,
1534 436 1710 519 quod
1746 436 1873 500 erit
1907 436 2190 500 rectissi-

163 541 378 604 mum,
440 540 798 605 speremus,
856 543 1018 604 quae
1071 522 1398 606 volumus,
1452 523 1589 607 sed,
1646 523 1819 607 quod
1864 524 2190 608 acciderit,

163 606 486 691 feramus,
543 609 906 693 cogitemus
962 608 1238 694 denique
1293 633 1526 694 corpus
1582 611 1871 676 virorum
1918 610 2190 676 fortium

111 711 138 752 ⁵
165 715 688 796 magnorumque
734 697 1074 763 hominum
1110 719 1252 764 esse
1289 700 1584 782 mortale,
1630 699 1831 763 animi
1866 721 2019 765 vero
2055 722 2191 765 mo·

163 787 279 848 tus
349 787 419 848 et
480 783 748 848 virtutis
813 785 1092 870 gloriam
1155 786 1646 870 sempiternam,
1715 809 1950 872 neque,
2020 787 2189 854 hanc

163 870 546 956 opinionem
591 872 651 937 si
693 873 764 936 in
805 873 922 937 illo
969 874 1382 939 sanctissimo
1419 873 1699 940 Hercule
1746 879 2189 941 consecratam

161 961 484 1044 videmus,
521 961 702 1024 cuius
741 982 1008 1062 corpore
1047 963 1350 1027 ambusto
1382 962 1587 1026 vitam
1616 963 1753 1026 eius
1782 967 1848 1026 et
1874 964 2190 1028 virtutem

161 1048 638 1112 immortalitas
675 1049 1003 1132 excepisse
1036 1050 1305 1134 dicatur,
1343 1051 1557 1114 minus
1586 1050 2029 1115 existimemus
2059 1073 2189 1134 eos,

89 1155 138 1194 ιο
165 1137 286 1220 qui
323 1135 492 1201 hanc
529 1139 782 1201 tantam
819 1158 959 1201 rem
993 1138 1324 1221 publicam
1362 1138 1497 1202 suis
1536 1137 1823 1202 consiliis
1862 1142 1975 1203 aut
2011 1139 2190 1204 labo-

161 1225 353 1288 ribus
399 1228 516 1289 aut
561 1225 858 1288 auxerint
903 1228 1019 1289 aut
1063 1225 1466 1290 defenderint
1512 1229 1627 1290 aut
1662 1226 1999 1310 servarint,
2046 1248 2188 1292 esse

160 1312 610 1378 immortalem
655 1312 934 1398 gloriam
981 1317 1381 1379 consecutos.
2212 1360 2299 1426 69

306 1399 433 1465 Sed
461 1423 566 1466 me
592 1405 874 1485 repente,
899 1400 1162 1484 iudices,
1191 1402 1266 1466 de
1295 1400 1804 1468 fortissimorum
1823 1406 1890 1466 et
1908 1401 2185 1468 clarissi
2209 1452 2312 1501 144

163 1509 429 1554 morum
482 1488 722 1553 civium
773 1487 1093 1574 dignitate
1149 1493 1216 1553 et
1265 1490 1479 1575 gloria
1522 1491 1845 1591 dicentem
1889 1494 1956 1555 et
1998 1491 2188 1574 plura

91 1594 138 1634 ¹⁵
165 1577 374 1642 etiam
422 1576 634 1641 dicere
679 1580 1018 1660 parantem
1061 1577 1298 1642 horum
1346 1581 1645 1662 aspectus
1690 1579 1762 1642 in
1805 1577 1949 1663 ipso
1997 1600 2189 1643 cursu

167 1664 489 1730 orationis
543 1664 868 1748 repressit.
966 1664 1169 1730 Video
1214 1665 1286 1730 P.
1335 1664 1646 1750 Sestium,
1701 1687 1881 1731 meae
1938 1666 2190 1752 salutis,

164 1757 426 1818 vestrae
472 1753 910 1837 auctoritatis,
959 1752 1256 1837 publicae
1306 1776 1535 1819 causae
1580 1753 2001 1839 defensorem,
2044 1777 2190 1838 pro-

163 1844 622 1928 pugnatorem,
667 1844 973 1924 actorem,
1019 1863 1228 1926 reum3
1274 1842 1459 1906 video
1495 1841 1669 1907 huno
1706 1846 2189 1926 praetextatum
2283 1862 2288 1878 ¹

167 1931 310 1996 eius
346 1929 556 1995 filium
593 1929 796 1995 oculis
833 1929 1327 2001 lacrimantibus
1355 1952 1456 1995 me
1484 1930 1873 2015 intuentem3
1906 1931 2093 1997 video
2118 1933 2189 1995 Τ.

93 2037 142 2077 20
166 2019 502 2102 Milonem,
545 2018 866 2083 vindicem
909 2022 1161 2083 vestrae
1197 2019 1541 2103 libertatis,
1587 2020 1921 2084 custodem
1959 2019 2188 2083 salutis

167 2128 379 2191 meae,
444 2106 805 2171 subsidium
867 2106 1165 2171 adflictae
1228 2107 1325 2171 rei
1377 2106 1703 2191 publicae,
1761 2108 2189 2172 extinctorem

169 2193 514 2261 domestici
584 2194 940 2279 latrocinii,
1012 2216 1450 2280 repressorem
1523 2196 1735 2260 caedis
1808 2195 2187 2279 cotidianae,

169 2283 576 2349 defensorem
648 2283 1042 2366 templorum
1115 2286 1311 2367 atque
1374 2287 1724 2367 tectorum,
1794 2283 2189 2384 praesidium

171 2372 408 2456 curiae,
452 2370 855 2436 sordidatum
900 2374 966 2435 et
1002 2390 1212 2455 reum3
1257 2370 1444 2436 video
1482 2371 1553 2435 P.
1589 2370 1960 2454 Lentulum,
2006 2371 2189 2436 cuius

90 2477 142 2519 25
172 2482 297 2547 ego
360 2462 616 2544 patrem
680 2458 870 2522 deum
935 2480 1010 2523 ac
1071 2463 1410 2542 parentem
1472 2463 1693 2523 statuo
1756 2458 2059 2524 fortunae
2114 2481 2190 2525 ac

167 2548 455 2615 nominis
519 2546 670 2625 mei
712 2550 781 2611 et
841 2545 1067 2611 fratris
1120 2546 1603 2631 liberorumque
1656 2551 2057 2648 nostrorum,
2120 2548 2191 2611 in

167 2638 298 2703 hoc
352 2636 590 2701 misero
644 2634 944 2720 squalore
997 2638 1064 2698 et
1109 2635 1437 2719 sordibus3
1494 2635 1598 2700 cui
1644 2634 1938 2719 superior
1984 2657 2190 2700 annus

169 2726 345 2789 idem
400 2728 467 2789 et
519 2723 776 2787 virilem
828 2722 1037 2806 patris
1091 2726 1159 2787 et
1211 2722 1616 2808 praetextam
1668 2724 1895 2808 populi
1949 2723 2187 2788 iudicio

171 2819 400 2899 togam
444 2810 926 2896 dederit,th
969 2810 1096 2875 hoc
1141 2832 1311 2875 anno
1356 2812 1427 2875 in
1468 2811 1591 2876 hac
1633 2815 1793 2896 toga
1827 2812 2190 2897 rogationis

93 2919 146 2959 zo
171 2900 638 2966 iniustissimae
675 2898 959 2963 subitam
991 2898 1415 2963 acerbitatem
1449 2920 1569 2983 pro
1605 2902 1792 2984 patre
1828 2898 2187 2964 fortissimo

173 2994 242 3055 et
303 2988 664 3053 clarissimo
730 2988 866 3051 cive
929 2987 1400 3071 deprecantem.
1500 2987 1719 3071 Atque
1783 2988 1892 3051 hic
1954 2990 2060 3051 tot
2123 2991 2189 3050 et
2214 2996 2316 3049 145

171 3078 404 3142 talium
441 3076 680 3141 civium
717 3074 998 3160 squalor,
1033 3074 1142 3140 hic
1176 3075 1410 3159 luctus,
1443 3074 1567 3140 hae
1605 3075 1825 3139 sordes
1855 3077 2189 3158 susceptae

175 3169 326 3231 sunt
387 3168 655 3249 propter
711 3184 913 3227 unum
966 3184 1098 3246 me,
1162 3164 1315 3246 quia
1367 3186 1469 3227 me
1523 3163 1973 3245 defenderunt,
2038 3161 2192 3244 quia

174 3276 389 3318 meum
445 3274 664 3317 casum
717 3252 1090 3334 luctumque
1145 3251 1515 3334 doluerunt,
1572 3251 1726 3335 quia
1778 3272 1881 3315 me
1939 3250 2193 3333 lugenti

97 3361 151 3401 35
176 3342 444 3426 patriae,
479 3339 808 3426 flagitanti
845 3338 1117 3421 senatui,
1153 3340 1449 3423 poscenti
1484 3302 1736 3421 ltaliae,
1772 3337 1961 3402 vobis
1990 3338 2191 3401 omni-

176 3431 296 3495 bus
352 3428 690 3493 orantibus
744 3427 1175 3491 reddiderunt.
1268 3426 1455 3502 Quod
1510 3430 1767 3491 tantum
1824 3428 1925 3489 est
1972 3425 2043 3489 in
2087 3446 2190 3489 me

179 3517 428 3583 scelus?
475 3516 630 3601 quid
674 3518 862 3580 tanto
909 3535 1100 3597 opere
1146 3514 1391 3597 deliqui
1433 3514 1550 3579 illo
1596 3514 1717 3594 die,
1767 3534 1910 3577 cum
1957 3513 2037 3576 ad
2072 3534 2189 3576 vos
