2550 3875
233 212 367 273 454
499 209 578 263 IN
614 209 689 264 M.
727 209 1118 264 ANTONIUM
1156 209 1427 266 ORATIO
1467 210 1874 266 PHILIPPICA
1914 215 1980 266 V'.

234 371 516 455 equites,
590 371 997 457 sagittarios,
1073 373 1456 456 elephantos
1521 374 1590 439 in
1653 379 1842 438 suam'
1906 395 2038 474 pop
2047 373 2268 459 ulique

234 423 516 524 Romani
553 463 955 544 potestatem
992 461 1318 547 redegerit
1356 460 1892 546 difficillumoque
1930 462 2024 526 rei
2058 462 2270 546 publi·

234 568 347 611 888
391 550 687 648 tempore
744 548 943 613 saluti
998 549 1435 634 dignitatique
1490 550 1719 634 populi
1778 550 2062 616 Romani
2119 551 2270 616 sub—

234 635 511 720 venerit,
576 636 660 701 ob
716 657 827 701 eas
884 659 1112 702 causas
1169 637 1424 702 senatui
1478 638 1735 722 placere
1792 636 1863 705 O.
1919 637 2269 705 Gaesarem

234 722 303 788 O.
357 722 429 807 f.‚
474 724 879 809 pontificem,
934 747 1054 810 pro
1116 729 1446 810 praetore,
1501 731 1873 792 senatorem
1934 747 2077 792 esse
2123 748 2267 792 sen·
2321 749 2348 790 5

232 812 637 896 tentiamque
694 813 839 879 loco
887 813 1263 897 quaestorio
1310 814 1549 898 dicere,
1603 815 1871 899 eiusque
1926 815 2270 899 rationem,

233 922 702 985 quemcumque
750 903 1213 988 magistratum
1256 906 1456 986 petet,
1500 903 1599 967 ita
1632 903 1880 987 haberi,
1924 908 2001 967 ut
2036 904 2270 968 haberi

232 1010 348 1071 per
401 990 581 1075 leges
626 990 878 1074 liceret,
932 990 990 1055 si
1038 1013 1207 1056 anno
1255 991 1587 1074 superiore
1635 995 1945 1075 quaestor
1989 990 2269 1057 fuisset?

148 1087 210 1136 47
236 1077 405 1177 Quid
453 1082 554 1142 est
601 1078 800 1162 enim,
844 1083 1067 1162 patres
1114 1079 1498 1164 conscripti,
1544 1101 1658 1146 cur
1703 1101 1854 1144 eum
1896 1101 2031 1144 non
2068 1102 2268 1164 quam

228 1165 514 1267 primum
553 1166 993 1250 amplissimos
1029 1166 1312 1232 honores
1351 1189 1579 1251 capere
1617 1167 1998 1251 cupiamus?
2076 1165 2268 1254 Legi-
2300 1191 2352 1230 ιο

229 1253 354 1318 bus
401 1253 574 1318 enim
622 1253 965 1320 annalibus
1012 1276 1160 1320 cum
1206 1255 1620 1340 grandiorem
1667 1259 1953 1321 aetatem
1999 1256 2080 1321 ad
2117 1278 2267 1321 con·

230 1340 519 1406 sulatum
574 1342 1088 1427 constituebant,
1144 1343 1621 1409 adulescentiae
1677 1343 2117 1409 temeritatem
2163 1366 2267 1409 ve-

229 1429 574 1495 rebantur·
558 1479 576 1514 ,
612 1427 683 1497 O.
721 1428 961 1495 Caesar
997 1430 1261 1496 ineunte
1302 1435 1517 1496 aetate
1555 1432 1779 1497 docuit
1808 1433 1889 1497 ab
1921 1432 2267 1498 excellenti

230 1517 591 1602 eximiaque
655 1516 898 1583 virtute
962 1540 1385 1605 progressum
1450 1520 1686 1585 aetatis
1747 1521 2076 1606 expectari
2131 1542 2266 1586 non

230 1610 549 1690 oportere.
641 1605 873 1691 Itaque
920 1607 1198 1673 maiores
1235 1609 1450 1674 nostri
1485 1613 1738 1674 veteres
1773 1609 1875 1672 illi
1913 1609 2264 1674 admodum
2299 1631 2350 1672 ιε

229 1694 485 1777 antiqui
530 1695 709 1779 leges
756 1695 1021 1760 annales
1065 1718 1198 1761 non
1242 1695 1594 1780 habebant,
1642 1719 1802 1781 quas
1845 1697 2071 1762 multis
2108 1702 2265 1781 post

230 1782 417 1847 annis
457 1783 685 1847 attulit
714 1783 1008 1867 ambitio,
1059 1787 1137 1848 ut
1190 1785 1429 1870 gradus
1483 1747 1656 1851 ess⁷et
1707 1785 2047 1884 petitionis
2094 1786 2267 1852 inter

230 1871 550 1973 aequales.
624 1870 731 1935 Ita
767 1892 957 1957 saepe
996 1892 1235 1957 magna
1270 1871 1522 1939 indoles
1558 1871 1843 1956 virtutis,
1879 1871 2264 1956 priusquam

149 1976 213 2025 18
231 1960 329 2025 rei
374 1960 674 2044 publicae
711 1962 1019 2045 prodesse
1056 1961 1401 2045 potuisset,
1447 1960 1736 2026 extincta
1773 1922 1893 2025 es⁷t.
1975 1959 2070 2025 At
2108 1982 2262 2025 vero

231 2048 400 2132 apud
466 2049 771 2132 antiquos
837 2048 1046 2133 Rulli,
1119 2048 1334 2133 Decii,
1408 2046 1674 2115 Corvini
1739 2048 2062 2132 multique
2128 2048 2261 2132 alii,
2293 2068 2353 2109 so

229 2136 587 2203 recentiore
661 2140 881 2201 autem
954 2137 1269 2201 memoria
1343 2136 1638 2221 superior
1728 2136 2106 2220 Africanus,
2188 2136 2263 2202 Τ.

228 2222 636 2289 Flamininus
670 2224 1019 2291 admodum
1047 2225 1493 2290 adulescentes
1523 2225 1820 2291 consules
1849 2223 2011 2290 facti
2039 2228 2263 2290 tantas

229 2333 336 2376 res
394 2316 765 2397 gesserunt,
819 2315 895 2377 ut
949 2314 1175 2396 populi
1224 2313 1504 2378 Romani
1550 2313 1897 2398 imperium
1944 2314 2263 2397 auxerint,

227 2421 465 2464 nomen
530 2400 842 2464 ornarint.
944 2399 1158 2477 Quid?
1213 2401 1483 2467 Macedo
1540 2401 1909 2467 Alexander
1972 2422 2120 2467 cum
2177 2402 2261 2466 ab

227 2487 492 2551 ineunte
558 2491 770 2553 aetate
826 2510 929 2552 res
986 2490 1303 2555 maximas
1360 2510 1583 2575 gerere
1639 2488 1990 2574 coepisset,
2042 2511 2258 2554 nonne
2287 2510 2346 2551 2⁶

228 2576 428 2640 tertio
504 2580 571 2641 et
644 2576 976 2642 tricesimo
1050 2600 1218 2643 anno
1295 2582 1574 2643 mortem
1649 2577 1860 2642 obiit?
1927 2599 2092 2662 quae
2158 2582 2262 2642 est

228 2668 409 2729 aetas
463 2664 711 2730 nostris
763 2665 1021 2751 legibus
1077 2667 1298 2732 decem
1355 2666 1542 2730 annis
1598 2665 1812 2730 minor
1868 2687 2067 2749 quam
2111 2687 2262 2731 con·

160 2774 164 2778 ’
230 2753 483 2818 81118118.
582 2752 685 2817 Ex
749 2775 877 2836 quo
933 2754 1207 2819 iudicari
1261 2758 1485 2839 potest
1539 2754 1804 2820 virtutis
1862 2776 2003 2819 esse
2061 2775 2260 2837 quam

132 2848 207 2913 18
230 2842 467 2906 aetatis
513 2863 776 2907 cursum
823 2842 1213 2907 celeriorem.
1305 2841 1479 2907 Nam
1522 2842 1748 2926 quod
1729 2841 1796 2925 1i,
1843 2842 1951 2926 qui
1993 2839 2260 2907 Caesari

227 2928 535 3013 invident,
582 2929 893 2995 simulant
930 2952 998 2995 se
1037 2930 1285 3013 timere,
1331 2953 1411 2995 ne
1449 2930 1801 2995 verendum
1838 2930 2099 3015 quidem
2137 2935 2259 3015 est,
2287 2950 2346 2991 ω

226 3020 303 3082 ut
348 3022 569 3082 tenere
617 3039 686 3082 se
726 3004 955 3102 possit,
1001 3021 1075 3083 ut
1113 3019 1447 3103 moderari,
1491 3040 1572 3083 ne
1610 3018 1972 3085 honoribus
2007 3019 2258 3083 nostris

140 3124 207 3172 49
228 3105 439 3169 elatus
486 3106 1027 3191 intemperantius
1076 3106 1210 3171 suis
1259 3107 1492 3190 opibus
1539 3110 1783 3173 utatur.
1874 3106 1976 3171 Ea
2018 3111 2258 3172 natura

226 3215 445 3258 rerum
499 3198 626 3278 est,
688 3198 910 3277 patres
968 3195 1349 3295 conscripti,
1411 3198 1513 3278 ut,
1578 3195 1692 3278 qui
1749 3216 2012 3261 sensum
2066 3216 2256 3260 verae

226 3280 502 3431 {loriae
542 3282 813 3366 ceperit,
879 3282 1117 3365 quique
1184 3304 1253 3346 se
1320 3283 1400 3346 ab
1458 3286 1717 3368 senatu,
1779 3284 1863 3347 ab
1921 3284 2255 3385 equitibus

288 3390 540 3434 omams
594 3369 964 3453 populoque
1013 3369 1309 3434 Romano
1365 3371 1667 3436 universo
1724 3371 2002 3437 senserit
2047 3371 2256 3438 civem
2284 3389 2337 3430 εδ

227 3476 450 3519 carum
512 3456 742 3521 haberi
806 3458 1284 3540 salutaremque
1345 3458 1439 3523 rei
1495 3459 1821 3544 publicae,
1883 3459 2051 3524 nihil
2107 3482 2256 3527 cum

230 3539 349 3605 hac
407 3542 619 3626 gloria
674 3546 1177 3627 comparandum
1231 3550 1435 3629 putet.
1537 3546 1809 3612 Utinam
1856 3547 1926 3615 G.
1975 3547 2257 3635 Caesari,
