2550 3875
322 149 453 214 144
705 147 847 203 PRO
884 147 947 212 14.
984 145 1349 203 CORNELIO
1387 145 1628 201 BALBO
1667 146 1959 202 ORATIO.

320 311 534 378 aliena
560 333 631 376 re
658 311 925 396 publica
952 332 1346 394 quemquam
1373 309 1516 375 fore
1543 309 1792 392 putatis
1823 309 1936 393 qui
1969 331 2040 374 se
2069 314 2362 394 opponat

318 399 627 486 periculis
661 420 798 463 non
832 399 1027 464 modo
1062 399 1247 462 nullo
1286 398 1628 483 proposito
1665 397 1974 482 praemi0,
2013 397 2128 464 sed
2159 399 2360 464 etiam

222 546 298 609 11
321 488 781 641 mtegifftggm
826 577 930 640 est
972 574 1137 638 illud
1183 575 1655 659 inperitissime
1696 574 1944 640 dictum
1980 575 2060 639 de
2096 575 2361 660 populis

232 635 301 684 ²⁷
321 663 561 748 fundiS,
614 664 786 748 quod
834 684 1173 728 commune
1219 663 1580 729 liberorum
1625 666 1729 728 est
1771 663 2182 747 populorum,
2225 686 2363 729 non
2415 691 2442 730 ⁵

318 752 660 837 proprium
714 751 1223 835 foederatorum,
1281 773 1359 815 ex
1416 772 1545 835 quo
1601 751 1899 837 intellegi
1947 772 2214 818 necesse
2261 757 2363 817 est

321 844 438 905 aut
471 840 797 905 neminem
833 862 914 904 ex
940 840 1137 906 sociis
1168 839 1375 904 civem
1401 839 1547 904 fieri
1573 860 1766 923 posse
1795 842 1912 904 aut
1936 840 2142 904 etiam
2167 861 2360 924 posse

322 951 403 994 ex
436 928 806 1012 foederatis,
842 931 986 993 tum
1022 949 1177 993 vero
1216 927 1320 992 ius
1351 949 1539 993 omne
1563 923 1866 993 nostrum
1891 927 2019 993 iste
2046 929 2364 1014 magister

306 1017 671 1082 mutandae
710 1016 997 1082 civitatis
1024 1016 1306 1101 ignorat,
1345 1016 1518 1100 quod
1547 1019 1664 1100 est,
1695 1016 1960 1100 iudices,
1984 1038 2122 1081 non
2149 1017 2363 1082 solum

320 1106 391 1170 in
436 1105 695 1191 legibus
740 1104 1023 1189 publicis
1069 1105 1386 1188 positum,
1433 1104 1546 1170 sed
1591 1105 1792 1169 etiam
1835 1104 1907 1168 in
1949 1105 2360 1188 privatorum
2391 1129 2445 1168 ιο

321 1193 678 1258 voluntate.
767 1191 918 1258 Iure
973 1192 1148 1256 enim
1190 1195 1421 1257 nostro
1468 1214 1680 1277 neque
1726 1195 1981 1258 mutare
2029 1192 2363 1268 civitatem

323 1281 671 1367 quisquam
724 1280 969 1346 invitus
1024 1284 1246 1364 potest
1288 1301 1527 1366 neque,
1585 1280 1642 1344 si
1667 1275 1847 1345 ‘velit
1853 1331 1872 1365 ,
1925 1285 2182 1346 mutare
2226 1304 2364 1347 11011

320 1373 561 1454 potest,
607 1369 800 1435 modo
848 1369 1249 1434 adsciscatur
1294 1369 1378 1432 ab
1426 1391 1504 1433 ea
1548 1368 1839 1453 civitate,
1886 1370 2070 1434 cuius
2113 1391 2253 1434 0880
2291 1391 2361 1434 80

324 1457 612 1522 civitatis
650 1457 826 1522 velit.
909 1455 1024 1540 Ut,
1070 1457 1126 1521 si
1166 1455 1474 1521 Gaditani
1513 1457 1823 1522 sciverint
1854 1458 2246 1522 nominatim
2282 1459 2362 1522 de

325 1546 545 1630 aliquo
594 1545 732 1611 cive
769 1544 1088 1630 RomanO,
1132 1549 1209 1610 ut
1254 1545 1344 1610 sit
1387 1545 1446 1610 is
1493 1545 1654 1610 civis
1695 1544 2074 1630 Gaditanus,
2121 1567 2363 1631 magna
2392 1571 2446 1610 15

322 1637 617 1718 potestas
658 1633 747 1698 sit
780 1636 1010 1698 nostro
1054 1633 1179 1698 civi
1217 1633 1564 1699 mutandae
1604 1633 1910 1718 civitatis,
1945 1656 2067 1698 1100
2099 1633 2362 1700 foedere

323 1721 737 1806 impediatur,
776 1743 904 1806 quo
943 1721 1158 1786 minus
1196 1743 1276 1786 ex
1310 1722 1448 1787 cive
1477 1721 1776 1788 Romano
1809 1722 1968 1788 civis
1999 1721 2362 1789 Gaditanus

238 1815 305 1866 28
324 1809 539 1894 possit
584 1831 742 1875 esse.
823 1808 1121 1874 Duarum
1168 1809 1510 1874 civitatum
1557 1810 1718 1875 civis
1760 1814 1990 1875 noster
2035 1833 2178 1876 esse
2219 1811 2362 1876 iure

327 1897 506 1963 civili
556 1919 751 1963 nemo
805 1901 1054 1983 potest3
1111 1920 1247 1964 non
1301 1920 1443 1965 0880
1497 1898 1692 1965 11111118
1749 1899 2064 1983 civitatis,
2122 1899 2235 1984 qui
2293 1921 2362 1965 80

326 1986 445 2052 alii
499 1986 751 2052 civitati
806 1986 1067 2072 dicarit,
1124 1990 1364 2072 potest.
1461 1985 1694 2071 Neque
1750 1988 1964 2053 solum
2017 1988 2364 2073 dicatione,
2393 2013 2448 2052 20

327 2075 501 2159 quod
565 2075 637 2139 in
700 2075 1071 2141 calamitate
1128 2075 1512 2140 clarissimis
1565 2076 1726 2141 viris
1785 2076 1859 2152 Q.
1915 2075 2235 2162 Maxime,
2293 2076 2364 2143 O.

325 2162 629 2248 Laenati,
687 2162 761 2240 Q.
811 2163 1120 2248 Philippo
1167 2162 1518 2249 Nuceriae,
1579 2163 1650 2231 C.
1697 2162 1935 2231 Catoni
1980 2164 2366 2249 Tarracone,

330 2251 405 2327 Q.
443 2249 774 2336 Caepioni,
820 2251 893 2317 P.
929 2251 1182 2317 Rutilio
1222 2251 1541 2337 Zmyrnae
1588 2252 1868 2317 vidimus
1913 2254 2243 2338 accidisse,
2289 2257 2367 2318 ut

328 2362 553 2405 earum
598 2340 939 2406 civitatum
974 2340 1208 2405 fierent
1246 2340 1438 2424 cives,
1485 2361 1628 2405 oum
1663 2341 1834 2406 hano
1871 2345 2022 2406 ante
2061 2342 2364 2407 amittere

324 2449 465 2513 non·
511 2428 911 2513 potuissent,
967 2450 1165 2512 quam
1218 2428 1359 2515 hoc,
1403 2429 1619 2493 solum
1665 2429 1951 2493 civitatis
1997 2430 2363 2497 mutatione
2393 2456 2451 2495 25

325 2516 705 2601 vertissent,
761 2517 876 2581 sed
922 2517 1121 2582 etiam
1164 2517 1573 2601 postliminio
1619 2520 1841 2601 potest
1886 2517 2176 2583 civitatis
2221 2518 2366 2584 fieri

326 2605 626 2669 mutati0.
734 2603 967 2689 Neque
1032 2606 1208 2670 enim
1272 2606 1414 2670 sine
1478 2626 1675 2671 causa
1739 2606 1817 2670 de
1883 2604 1998 2671 On.
2063 2605 2370 2673 Publicio

326 2692 705 2776 Menandro,
740 2692 1051 2759 libertino
1088 2693 1372 2777 homine,
1411 2715 1606 2778 quem
1643 2694 1814 2777 apud
1851 2694 2132 2759 maiores
2161 2695 2370 2781 legati

323 2781 541 2846 nostri
593 2781 665 2844 in
720 2779 1063 2847 Graeciam
1116 2780 1608 2865 proficiscentes
1662 2782 2089 2866 interpretem
2143 2804 2368 2849 secum

324 2869 568 2935 habere
615 2868 979 2954 voluerunt,
1025 2869 1107 2934 ad
1150 2870 1470 2953 populum
1513 2870 1725 2936 latum
1769 2877 1874 2953 est,
1920 2874 1997 2935 ut
2040 2872 2098 2936 is
2144 2870 2366 2936 Publi-
2395 2898 2458 2938 so

330 2958 496 3041 cius,
556 2948 614 3021 s‘i
670 2957 936 3021 domum
992 2958 1352 3022 revenisset
1407 2962 1476 3023 et
1530 2958 1680 3023 inde
1736 2956 2017 3023 Romam
2071 2959 2369 3043 redisset,

326 3066 409 3109 110
454 3045 670 3109 111111118
719 3044 879 3110 civis
926 3049 1117 3111 esset.
1191 3045 1390 3110 Multi
1434 3046 1637 3111 etiam
1673 3047 2008 3130 superiore
2046 3048 2369 3113 memoria

330 3155 502 3198 clves
558 3133 841 3198 Romani
897 3155 1017 3198 sua
1069 3133 1410 3199 voluntate
1463 3134 1827 3201 indemnati
1880 3138 1976 3201 et:
2002 3135 2366 3201 incolumes

339 3219 445 3284 his
512 3222 710 3286 rebus
778 3220 1030 3288 relictis
1099 3222 1263 3286 alias
1321 3244 1391 3287 80
1445 3222 1518 3288 111
1571 3222 1873 3288 civitates
1929 3224 2368 3289 contulerunt.

464 3306 714 3384 Quodsi
776 3308 904 3373 civi
966 3308 1265 3375 Romano
1329 3310 1488 3376 licet
1552 3332 1693 3375 0880
1765 3309 2167 3396 Gaditanum
2229 3313 2368 3379 sive
2397 3339 2466 3380 85

330 3394 524 3459 exilio
582 3395 717 3459 sive
771 3396 1179 3479 postliminio
1234 3398 1372 3463 sive
1427 3397 1780 3464 reiectione
1834 3398 2030 3464 huius
2076 3400 2369 3466 civitatis

330 3479 434 3560 (ut
460 3482 593 3546 iam
622 3483 705 3547 ad
730 3482 959 3549 foedus
987 3485 1261 3569 veniam,
1293 3486 1464 3569 quod
1483 3486 1566 3550 ad
1586 3508 1850 3552 causam
1865 3488 2034 3552 nihil
2051 3488 2344 3572 pertinet
2353 3515 2372 3570 3

226 3279 307 3343 12

238 3369 307 3417 29
