2550 3875
221 203 232 216 .
331 181 462 244 190
905 176 987 229 111
1022 176 1082 232 L.
1121 176 1445 232 PISONEM
1484 177 1770 234 oafflo.

323 344 470 404 tota
521 342 660 404 tam
714 337 974 422 sapiens
1030 342 1100 403 et
1147 342 1337 402 tanta
1382 339 1631 404 civitas.
1721 337 2050 405 Revocare
2096 360 2167 404 86
2210 361 2359 406 11011

322 430 584 512 poterat
625 425 1078 492 familiaritate
1115 427 1491 510 implicatus
1528 431 1597 491 et
1633 426 1829 492 simul
1864 427 2354 492 inconstantiae

321 515 565 580 famam
592 515 953 578 verebatur.
1006 514 1327 600 Rogatus,
1354 516 1689 598 invitatus,
1718 519 1982 580 coactus
2009 515 2107 579 ita
2132 516 2354 580 multa

327 603 408 666 ad
451 603 654 667 istum
701 603 779 666 de
824 602 970 686 ipso
1008 623 1268 686 quoque
1306 603 1589 687 scripsit,
1632 606 1709 667 ut
1746 624 1970 667 omnes
2002 602 2349 684 [hominis]

323 690 646 774 libidines,
668 690 916 769 [omnia
935 692 1206 774 stupra,]
1224 691 1446 756 omnia
1458 713 1758 756 cenarum
1771 691 2349 776 conviviorumque
2413 713 2444 754 5
2537 727 2538 746 i

324 798 590 864 genera,
641 778 963 843 adulteria
1007 778 1283 862 denique
1330 780 1467 844 eius
1516 779 1999 844 delicatissimis
2045 780 2348 844 versibus

235 878 302 929 '11
323 865 734 949 expresserit,
777 866 848 930 in
895 866 1150 951 quibus,
1196 868 1253 930 si
1302 867 1414 950 qui
1458 868 1636 951 velit,
1678 868 1894 952 possit
1938 867 2133 932 istius
2178 872 2347 932 tam-

322 975 518 1039 quam
576 953 648 1017 in
701 954 966 1036 speculo
1023 955 1228 1018 vitam
1282 955 1551 1042 intueri3
1614 977 1693 1020 ex
1748 956 1983 1039 quibus
2038 957 2249 1020 multa
2306 978 2349 1020 a

322 1041 547 1105 multis
601 1040 774 1106 lecta
828 1045 896 1106 et
946 1042 1170 1107 audita
1213 1044 1586 1128 recitarem,
1638 1043 1709 1107 ni
1754 1065 2035 1128 vererer,
2086 1065 2169 1108 116
2213 1044 2345 1110 1106

318 1129 536 1213 ipsum
582 1149 787 1214 genus
836 1131 1180 1214 orationis,
1226 1152 1356 1214 quo
1400 1153 1573 1196 nunc
1617 1135 1798 1216 utor,
1845 1132 1928 1196 ab
1974 1132 2167 1198 huius
2210 1133 2345 1198 loci
2380 1157 2439 1196 ιο

321 1239 499 1282 more
537 1217 947 1303 abhorreret3
984 1223 1052 1282 et
1090 1219 1285 1283 simul
1318 1219 1442 1283 (16
1422 1240 1587 1303 ipse,
1624 1220 1736 1303 qui
1765 1220 2048 1304 scripsit,
2085 1220 2345 1285 detrahi

318 1304 484 1369 nihil
548 1306 717 1370 volo,
812 1306 939 1383 Qui
1000 1307 1058 1371 si
1112 1306 1349 1372 fuisset
1401 1308 1472 1371 in
1527 1308 1846 1391 discipulo
1904 1308 2344 1392 comparando

320 1393 587 1458 meliore
650 1393 944 1478 fortuna,
1007 1394 1291 1460 fortasse
1355 1396 1679 1460 austerior
1742 1400 1811 1460 et
1872 1397 2136 1481 gravior
2198 1417 2345 1460 esse

318 1481 671 1566 potuisset3
717 1481 830 1545 sed
876 1503 1025 1546 eum
1071 1504 1260 1548 casus
1307 1483 1379 1548 in
1412 1484 1579 1548 hanc
1618 1483 2149 1548 consuetudinem
2187 1485 2346 1549 scri-

319 1569 513 1635 bendi
574 1569 834 1633 induxit
895 1569 1290 1654 philosopho
1353 1570 1540 1635 valde
1595 1571 1956 1657 indignam,
2020 1572 2345 1655 siquidem
2378 1595 2433 1636 15

317 1655 762 1740 philosophia,
816 1661 893 1720 ut
943 1657 1180 1742 fertur,
1235 1659 1501 1723 virtutis
1558 1660 1850 1726 continet
1904 1663 1973 1724 et
2024 1659 2227 1724 officii
2274 1665 2345 1725 et

318 1747 482 1808 bene
520 1745 777 1810 vivendi
813 1745 1252 1830 disciplinam3
1300 1768 1497 1830 quam
1535 1748 1648 1832 qui
1683 1747 2048 1832 profitetur,
2094 1749 2346 1834 gravis-

231 1847 298 1897 72
321 1833 556 1897 simam
616 1832 937 1897 sustinere
993 1834 1156 1898 mihi
1209 1856 1556 1918 personam
1610 1835 1881 1900 videtur.
1985 1833 2114 1900 Sed
2165 1835 2346 1900 idem

319 1943 508 1987 casus
554 1921 742 1986 illum
787 1922 1107 2007 ignarum,
1155 1923 1312 2008 quid
1355 1924 1792 2009 profiteretur,
1839 1946 1986 1989 cum
2024 1946 2095 1989 86
2129 1923 2344 2008 philo—

319 2010 599 2093 sophum
627 2031 770 2075 esse
798 2010 1060 2095 diceret,
1087 2011 1329 2076 istius
1311 2012 1791 2096 impurissimae
1810 2016 2008 2097 atque
2028 2012 2343 2097 intempe-
2373 2038 2433 2077 20

317 2098 734 2164 rantissimae
779 2099 1047 2183 pecudis
1094 2120 1293 2165 caeno
1342 2104 1409 2165 et
1454 2101 1755 2165 sordibus
1800 2100 2187 2183 inquinavit.

453 2185 580 2262 Qui
634 2187 827 2252 modo
884 2209 1032 2253 cum
1077 2209 1182 2252 res
1229 2193 1451 2274 gestas
1499 2189 1875 2253 consulatus
1923 2189 2053 2252 mei
2099 2188 2343 2254 collau-

318 2274 564 2358 dasset,
629 2295 793 2376 quae
859 2276 1120 2361 quidem
1175 2277 1569 2341 collaudatio
1626 2276 1911 2341 hominis
1968 2277 2343 2361 turpissimi

317 2361 480 2426 mihi
534 2362 664 2446 ipsi
718 2368 861 2427 erat
912 2386 1117 2448 paene
1173 2366 1414 2449 turpis,
1480 2363 1657 2429 ³Non
1708 2365 1827 2429 illa
1878 2364 2047 2447 tibi',
2103 2365 2341 2448 inquit,

319 2450 587 2515 ‘invidia
630 2452 871 2536 nocuit,
918 2452 1032 2516 sed
1077 2474 1303 2518 versus
1350 2452 1466 2517 tui.
1470 2452 1489 2479 '
1580 2451 1797 2517 Nimis
1843 2474 2083 2553 magna
2126 2474 2343 2537 poena
2371 2478 2427 2520 25

317 2542 384 2603 te
432 2539 694 2604 consule
742 2535 1105 2605 constituta
1144 2544 1248 2605 est
1284 2541 1419 2605 sive
1457 2540 1629 2604 malo
1665 2544 1899 2624 poetae
1937 2542 2071 2606 sive
2108 2541 2341 2607 libero.

319 2624 682 2711 ‘Scripsisti
719 2629 920 2693 enim:
969 2626 1289 2693 Cedant
1324 2650 1533 2692 arma
1568 2627 1867 2713 togae.''
1943 2628 2112 2705 Quid
2150 2630 2341 2694 tum?

319 2712 522 2781 ‘Haec
559 2737 662 2781 res
701 2716 827 2781 tibi
863 2716 1100 2781 fluctus
1138 2716 1291 2781 illos
1329 2716 1680 2781 excitavit?
1740 2715 1835 2781 At
1860 2715 1987 2782 hoc
2012 2738 2342 2801 nusquam

320 2803 552 2889 opinor
598 2804 917 2905 scriptum
963 2804 1164 2869 fuisse
1211 2804 1281 2869 in
1319 2804 1435 2869 illo
1476 2804 1710 2889 elogio,
1757 2805 1931 2888 quod
1967 2808 2034 2869 te
2073 2806 2339 2870 consule

317 2892 390 2956 in
417 2892 714 2977 sepulcro
743 2893 840 2957 rei
866 2892 1212 2977 publicae
1195 2891 1473 2957 incisum
1502 2896 1630 2957 est:
1659 2891 1979 2957 ³VEL1TIS
2000 2910 2429 2976 1UBEAT18‚sc

316 2997 429 3059 UT,
470 2997 663 3057 QUOD
699 2979 787 3045 M.
816 2978 1078 3045 CICERO
1116 2998 1395 3046 VERSUM
1426 2980 1769 3059 FECERIT',
1808 2980 1968 3045 sed³
1975 2998 2166 3057 QUOD
2195 3000 2344 3045 vm-

316 3068 653 3133 DIGARIT?
719 3066 968 3133 Verum
996 3072 1234 3153 tamen,
1272 3069 1583 3153 quoniam
1609 3072 1677 3133 te
1704 3090 1837 3133 non
1864 3068 2341 3154 Aristarchum,

314 3157 432 3221 sed
478 3156 790 3221 Phalarin
834 3157 1338 3242 grammaticum
1383 3157 1729 3240 habemus,
1776 3156 1889 3239 qui
1933 3177 2069 3221 non
2111 3160 2341 3221 notam

319 3264 609 3327 apponas
656 3244 739 3307 ad
785 3245 1031 3309 malum
1075 3266 1361 3329 versum,
1418 3245 1531 3311 sed
1573 3247 1836 3329 poetam
1883 3245 2082 3309 armis
2127 3266 2341 3329 perse-

321 3352 547 3414 quare,
603 3331 768 3395 scire
817 3332 1034 3416 cupio,
1091 3333 1246 3415 quid
1292 3334 1555 3397 tandem
1601 3332 1672 3397 in
1714 3332 1847 3397 isto
1893 3353 2084 3398 versu
2126 3342 2341 3417 'repre—
2367 3360 2422 3401 3⁵

319 3417 590 3481 hendas:
640 3417 957 3484 ‘Cedant
1004 3440 1213 3484 arma
1257 3420 1529 3507 togae?
1612 3420 1811 3485 “suae
1858 3419 2041 3484 dicis'
2042 3421 2342 3505 ,inquit,

320 3502 539 3587 ‘togae
605 3526 931 3571 summum
986 3507 1450 3591 imperatorem
1506 3529 1645 3574 esse
1703 3508 2077 3574 cessurum?
2170 3508 2343 3585 Quid

212 3035 298 3101 30

231 3127 297 3176 ‘13
