2550 3875
227 449 319 514 24

246 540 317 589 53

244 2617 315 2667 54

334 145 425 209 24
921 143 1065 199 PRO
1103 144 1165 200 P.
1205 142 1454 199 SESTIO
1493 143 1786 200 ORATIO.

334 311 633 390 tempore
688 306 934 371 doloris
989 305 1335 371 interiecto
1392 307 1488 371 rei
1531 306 1834 391 publicae
1880 328 2037 372 voce
2085 328 2228 371 esse
2275 329 2371 372 re·

336 398 659 460 vocatum.

473 480 601 546 Sed
645 486 722 546 ut
763 487 1055 548 revertar
1101 483 1182 548 ad
1226 483 1419 568 illud,
1472 483 1646 567 quod
1691 482 1856 547 mihi
1900 482 1972 546 in
2013 482 2139 548 hac
2188 484 2368 547 omni

336 574 439 634 est
514 570 809 635 oratione
882 571 1324 656 propositum,
1388 571 1690 635 omnibus
1756 570 1946 635 malis
2009 571 2127 635 illo
2196 593 2365 636 anno

335 657 578 723 scelere
633 660 974 724 consulum
1028 681 1167 724 rem
1219 659 1553 743 publicam
1600 680 1742 724 esse
1789 659 2182 743 confectam,
2237 660 2366 743 pri·
2419 692 2445 732 ⁵

334 768 519 811 mum
572 746 689 811 1110
743 748 891 832 ipso
946 747 1075 831 die,
1133 748 1245 830 qui
1293 746 1458 810 mihi
1501 747 1800 812 funestus
1845 747 2001 831 fuit,
2058 747 2366 812 omnibus

336 835 529 898 bonis
574 834 932 918 luctuosae,
980 856 1127 899 cum
1172 856 1296 921 ego
1339 856 1442 899 me
1480 856 1512 899 e
1547 836 1889 919 complexu
1923 836 2179 919 patriae
2218 857 2367 900 con-

336 928 693 1007 spectuque
746 927 965 988 vestro
1022 923 1408 1007 eripuissem
1462 927 1530 988 et
1585 928 1765 988 metu
1818 924 2022 989 vestri
2067 923 2366 1008 periculi,

333 1033 469 1075 11011
504 1012 649 1094 11101,
694 1010 903 1076 furori
939 1011 1244 1095 hominis,
1292 1012 1537 1095 sceleri,
1581 1011 1909 1097 perfidiae,
1950 1010 2100 1075 telis
2139 1011 2366 1075 minis-

337 1120 461 1185 que
509 1099 855 1164 cessissem
898 1100 1340 1184 patriamque,
1396 1121 1561 1183 quae
1606 1099 1771 1164 mihi
1817 1104 1959 1164 erat
2006 1099 2366 1183 carissima,
2393 1133 2444 1172 ιο

332 1191 606 1272 propter
675 1187 883 1271 ipsius
956 1188 1208 1271 patriae
1284 1188 1627 1252 caritatem
1698 1187 2136 1272 reliquissem,
2213 1209 2366 1252 cum

333 1297 552 1340 meum
596 1275 788 1340 illum
830 1297 1052 1341 casum
1089 1280 1229 1340 tam
1264 1276 1666 1360 horribilem,
1713 1279 1851 1340 tam
1888 1296 2176 1361 gravem,
2223 1280 2366 1340 tam

332 1363 747 1449 repentinum
804 1385 938 1428 non
994 1364 1209 1428 solum
1261 1363 1584 1448 homines,
1650 1363 1765 1428 sed
1817 1368 1995 1429 tecta
2045 1364 2230 1428 urbis
2292 1386 2367 1429 ac

332 1452 583 1537 templa
626 1453 954 1537 lugerent,
1002 1474 1194 1516 nemo
1241 1456 1533 1516 vestrum
1577 1451 1812 1536 forum,
1853 1474 2045 1516 nemo
2093 1452 2366 1536 curiam,

331 1561 524 1605 nemo
553 1540 766 1606 lucem
798 1540 1088 1624 aspicere
1114 1540 1342 1605 vellet:
1369 1541 1504 1625 illo,
1531 1540 1816 1623 inquam,
1843 1540 1988 1623 ipso
2016 1540 2118 1604 die
2155 1575 2234 1587 —
2261 1542 2366 1604 die
2394 1573 2442 1613 15

333 1627 499 1710 dioc,
543 1628 746 1692 immo
792 1628 957 1692 hora
1003 1631 1199 1712 atque
1246 1628 1445 1691 etiam
1490 1633 1734 1712 puncto
1777 1628 2092 1711 temporis
2131 1629 2366 1693 eodem

332 1715 498 1778 mihi
543 1716 766 1799 reique
801 1716 1103 1800 publicae
1139 1716 1480 1800 pernicies,
1528 1714 1808 1780 Gabinio
1847 1720 1914 1779 et
1950 1716 2181 1781 Pisoni
2216 1739 2368 1800 pro-

330 1802 549 1868 vincia
610 1808 846 1888 rogata
908 1808 1027 1868 est.
1118 1803 1248 1868 Pro
1313 1805 1416 1870 dei
1471 1804 1874 1869 immortales
1931 1804 2235 1869 custodes
2299 1810 2368 1869 et

334 1896 825 1957 conservatores
869 1891 1063 1957 huius
1109 1893 1292 1958 urbis
1330 1896 1528 1977 atque
1564 1892 1841 1978 imperii,
1888 1914 2209 1978 quaenam
2245 1893 2365 1958 illa

332 1981 403 2046 in
459 2002 530 2044 re
584 1981 848 2064 publica
901 1985 1222 2065 monstra,
1289 2003 1451 2065 quae
1508 1982 1755 2046 scelera
1806 1981 2092 2045 vidistis!
2179 1979 2364 2047 Civis
2392 2016 2445 2055 20

333 2072 476 2134 erat
512 2070 817 2153 expulsus
854 2069 932 2154 is,
970 2070 1083 2154 qui
1119 2091 1257 2134 rem
1294 2069 1625 2152 publicam
1662 2091 1741 2134 ex
1777 2073 2042 2134 senatus
2076 2072 2367 2135 auctori-

332 2161 469 2221 tate
517 2179 667 2221 cum
713 2158 1015 2222 omnibus
1063 2158 1253 2222 bonis
1301 2157 1702 2241 defenderat,
1756 2161 1824 2222 et
1870 2158 2179 2242 expulsus
2226 2181 2367 2224 non

333 2244 464 2308 alio
502 2244 741 2328 aliquo,
779 2246 891 2309 sed
929 2267 1005 2310 eo
1042 2246 1188 2328 ipso
1228 2246 1515 2310 crimine.
1587 2246 1753 2310 Erat
1791 2250 2011 2310 autem
2048 2246 2364 2330 expulsus

334 2333 473 2396 sine
520 2333 778 2416 iudicio,
823 2333 906 2417 vi,
950 2334 1298 2418 lapidibus,
1341 2333 1534 2418 ferm,
1581 2334 1847 2399 servitio
1893 2334 2172 2419 denique
2213 2357 2364 2401 0011-

333 2421 565 2504 01101ος
609 2421 717 2484 lex
761 2425 903 2484 erat
947 2422 1086 2487 lata
1127 2426 1389 2487 vastato
1436 2444 1512 2487 ac
1548 2422 1777 2487 relicto
1814 2421 1958 2486 foro
1997 2427 2064 2486 et
2102 2423 2362 2488 sicariis
2389 2452 2442 2494 ιι

334 2508 665 2592 servisque
711 2509 984 2594 tradito,
1039 2514 1105 2574 et
1151 2532 1227 2574 ea
1271 2511 1403 2595 lex,
1449 2531 1613 2594 quae
1659 2515 1734 2574 ut
1777 2532 1858 2574 ne
1906 2509 2218 2594 ferretur,
2267 2533 2364 2576 se·

332 2601 527 2661 natus
582 2596 798 2661 fuerat
852 2602 1033 2662 veste
1079 2602 1352 2662 mutata.
1443 2597 1585 2663 Hac
1632 2602 1820 2663 tanta
1861 2599 2362 2682 perturbatione

335 2685 621 2751 civitatis
659 2707 741 2749 ne
777 2691 1038 2750 noctem
1076 2687 1337 2769 quidem
1371 2686 1668 2751 consules
1697 2687 1869 2751 inter
1897 2708 2117 2752 meum
2144 2690 2362 2753 interi-

332 2779 465 2839 tum
528 2778 595 2837 et
660 2795 847 2838 suam
908 2775 1215 2857 praedam
1273 2775 1590 2839 interesse
1644 2774 1824 2860 passi
1879 2779 2061 2860 sunt3
2125 2777 2365 2840 statim

330 2884 436 2927 me
481 2863 781 2945 perculso
828 2862 909 2927 ad
953 2884 1171 2926 meum
1218 2863 1602 2949 sanguinem
1646 2862 2075 2927 hauriendum
2120 2868 2190 2928 et
2231 2865 2363 2949 spi-
2391 2894 2444 2934 ω

330 2954 519 3014 rante
565 2950 769 3014 etiam
813 2972 883 3014 re
928 2950 1193 3033 publica
1238 2950 1319 3014 ad
1367 2951 1503 3016 eius
1551 2951 1765 3034 spolia
1809 2950 2209 3016 detrahenda
2255 2954 2366 3017 ad—

332 3039 733 3104 volaverunt.
809 3037 1061 3102 Omitto
1101 3038 1599 3123 gratulationeS,
1645 3039 1889 3124 epulaS,
1929 3039 2365 3122 partitionem

333 3126 596 3208 aerarii,
641 3125 981 3207 beneficia,
1029 3147 1230 3210 spem,
1274 3127 1618 3211 promissa,
1662 3126 1987 3212 praedam,
2031 3128 2366 3194 laetitiam

331 3235 691 3297 paucorum
760 3213 829 3277 in
901 3213 1086 3278 luctu
1158 3214 1478 3301 omnium3
1548 3217 1936 3280 vexabatur
1967 3238 2132 3280 uxor
2198 3240 2366 3302 mea,

332 3300 527 3365 liberi
580 3301 661 3364 ad
713 3320 939 3366 necem
986 3303 1492 3388 quaerebantur,
1545 3323 1771 3388 gener,
1827 3307 1894 3368 et
1938 3302 2094 3369 Piso
2140 3327 2366 3391 gener,
2392 3333 2445 3374 ³5

334 3408 375 3451 a
417 3385 678 3452 Pisonis
736 3389 1020 3454 consulis
1070 3389 1345 3474 pedibus
1393 3392 1668 3476 supplex
1713 3392 2129 3477 reiciebatur,
2186 3395 2368 3458 bona

334 3472 810 3558 diripiebantur
864 3498 1065 3560 eaque
1113 3478 1195 3543 ad
1241 3480 1539 3544 consules
1587 3479 2069 3564 deferebantur,
2123 3481 2364 3547 domus
