2550 3875
430 138 472 202 6
1010 136 1165 191 pao.
1190 136 1249 192 P.
1289 134 1536 193 sns'no
1575 134 1859 191 omno,
2503 107 2505 185 l

430 296 836 381 temporibus
891 296 1158 381 eisdem,
1218 319 1366 362 cum
1420 298 1553 361 iam
1607 296 1898 382 Capuam
1960 300 2142 361 metu
2195 294 2450 362 Sestius

430 385 792 469 liberasset,
837 385 1067 449 urbem
1104 389 1366 451 senatus
1409 390 1605 470 atque
1641 407 1867 451 omnes
1902 384 2062 451 boni
2106 384 2452 468 deprehen-

432 474 523 539 sis
576 476 773 556 atque
830 474 1157 575 oppressis
1211 473 1587 538 domesticis
1640 473 1944 539 hostibus
1998 494 2102 537 me
2156 473 2323 537 duce
2377 495 2453 536 ex

429 560 735 645 periculis
771 561 1073 625 maximis
1115 561 1568 645 extraxissent,
1613 582 1738 646 ego
1773 561 2015 627 litteris
2050 560 2122 625 P.
2161 558 2452 625 Sestium

432 648 655 733 Capua
699 648 1004 715 arcessivi
1059 672 1207 715 cum
1260 649 1379 715 illo
1425 649 1737 733 exercitu,
1792 670 1984 733 quem
2029 652 2173 713 tum
2231 670 2451 714 secum
2495 672 2506 713 ι

429 737 731 802 habebat.
822 736 1071 813 Quibus
1132 737 1243 803 hic
1303 737 1548 802 litteris
1609 737 1798 803 lectis
1863 737 1947 803 ad
2007 737 2244 801 urbem
2305 758 2453 801 con-

429 824 653 890 festim
687 824 1053 891 incredibili
1098 825 1432 891 celeritate
1469 825 1813 890 advolavit.
1885 824 2104 908 Atque
2148 828 2229 889 ut
2274 824 2450 889 illius

432 912 745 997 temporis
783 914 1199 979 atrocitatem
1243 912 1570 979 recordari
1601 912 1892 997 possitis,
1937 913 2156 977 audite
2192 912 2450 976 litteras

432 1004 500 1064 et
534 1004 819 1066 vestram
864 1002 1245 1067 memoriam
1292 1001 1372 1065 ad
1419 1000 1676 1067 timoris
1720 1000 2060 1085 praeteriti
2105 1000 2451 1085 cogitatio·
2506 1066 2507 1069 ,

430 1110 579 1153 nem
624 1088 919 1153 excitate.
1008 1090 1366 1154 ΙΛΤΤΕΒΑΕ
1414 1087 1792 1155 Oicnnoms
1841 1104 2200 1154 consums.
2473 1110 2508 1155 ιε

360 1175 405 1241 5
571 1174 717 1242 Hoc
779 1177 1061 1242 adventu
1121 1176 1193 1242 P.
1251 1175 1425 1243 Sesti
1490 1177 1903 1242 tribunorum
1964 1175 2051 1260 pl.
2114 1196 2454 1258 novorum,

433 1264 546 1347 qui
581 1268 725 1329 tum
770 1265 1074 1329 extremis
1120 1264 1348 1329 diebus
1383 1265 1759 1330 consulatus
1797 1264 1926 1329 mei
1960 1284 2066 1329 res
2112 1284 2248 1347 eas,
2296 1284 2451 1348 quas

433 1372 779 1436 gesseram,
823 1374 1055 1417 vexare
1100 1352 1477 1437 cupiebant,
1522 1351 1935 1436 reliquaeque
1979 1350 2452 1417 coniurationis

350 1450 413 1499 12
434 1440 717 1523 impetus
779 1443 848 1503 et
906 1443 1177 1504 conatus
1238 1444 1394 1504 sunt
1445 1440 1776 1506 retardati.
1867 1440 1966 1505 Ac
2021 1443 2454 1523 posteaquam

432 1531 536 1593 est
606 1527 1013 1593 intellectum
1072 1529 1169 1593 Μ.
1232 1525 1480 1593 Catone
1553 1528 1818 1593 tribuno
1889 1527 2006 1611 pL,
2083 1526 2452 1593 fortissimo
2477 1550 2508 1593 ιε

434 1618 629 1697 atque
688 1614 938 1698 optimo
993 1615 1147 1699 civi,
1199 1636 1339 1681 rem
1392 1616 1721 1699 publicam
1775 1614 2154 1680 defendente
2211 1636 2335 1699 per
2389 1636 2453 1679 se

432 1702 649 1785 ipsum
703 1707 1000 1767 senatum
1052 1704 1492 1787 populumque
1546 1702 1915 1768 Romanum
1969 1702 2106 1768 sine
2164 1702 2455 1767 militum

432 1789 755 1889 praesidio
792 1790 963 1855 tueri
1007 1790 1197 1856 facile
1233 1791 1576 1857 maiestate
1615 1813 1734 1856 sua
1772 1790 2162 1876 dignitatem
2209 1813 2456 1874 eorum,

434 1877 547 1961 qui
610 1878 889 1944 salutem
963 1900 1372 1946 communem
1443 1878 1728 1964 periculo
1804 1900 1922 1945 suo
1995 1878 2456 1962 defendissent,

436 1963 687 2031 Sestius
726 1988 875 2032 cum
901 1967 1016 2032 illo
1045 1967 1332 2034 exercitu
1359 1989 1612 2033 summa
1639 1968 1971 2034 celeritate
1998 1965 2068 2032 C.
2087 1928 2456 2033 Antoniuni
2479 1989 2510 2034 ιι

435 2059 819 2119 consecutus
872 2061 975 2120 est.
1064 2055 1191 2120 Hic
1244 2077 1368 2141 ego
1414 2056 1568 2139 quid
1612 2055 2001 2140 praedicem,
2060 2055 2308 2138 quibus
2353 2055 2458 2120 hic

433 2141 626 2207 rebus
672 2143 1004 2208 consulem
1057 2147 1366 2227 quaestor
1411 2144 1493 2208 ad
1545 2165 1684 2208 rem
1728 2145 2075 2229 gerendam
2128 2143 2456 2226 excitarit,

435 2251 598 2313 quos
671 2230 971 2296 stimulos
1044 2231 1407 2296 admoverit
1475 2231 1728 2297 homini
1805 2232 2096 2296 studioso
2168 2230 2458 2296 fortasse

435 2317 763 2401 victoriae,
810 2319 923 2383 sed
958 2322 1179 2383 tamen
1211 2319 1488 2383 nimium
1523 2341 1932 2384 communem
1966 2317 2254 2383 Martem
2301 2319 2457 2385 belli

434 2426 781 2489 casumque
830 2407 1191 2471 metuenti?
1275 2406 1577 2492 Longum
1622 2411 1724 2472 est
1772 2429 1849 2471 ea
1893 2407 2120 2490 dicere,
2167 2408 2290 2472 sed
2333 2407 2458 2474 hoc
2483 2431 2510 2472 ιε

438 2513 627 2557 oreve
682 2493 920 2559 dicam:
976 2492 1047 2559 Si
1102 2493 1191 2559 M.
1238 2492 1458 2559 Petrei
1509 2516 1646 2560 non
1701 2495 2017 2560 excellens
2073 2494 2338 2560 animus
2395 2499 2460 2559 et

434 2602 621 2645 amor
654 2581 749 2647 rei
793 2581 1108 2666 publicae,
1152 2604 1286 2647 non
1320 2586 1660 2666 praestans
1705 2582 1776 2646 in
1808 2603 1879 2646 re
1923 2581 2187 2666 publica
2222 2583 2460 2667 virtus,

431 2689 564 2734 non
627 2689 883 2734 summa
945 2670 1301 2735 auctoritas
1366 2671 1538 2753 apud
1601 2670 1870 2753 milites,
1939 2690 2075 2734 non
2135 2670 2459 2736 mirificus

433 2777 589 2821 usus
653 2756 723 2820 in
784 2779 854 2821 re
918 2758 1186 2824 militari
1242 2757 1596 2841 extitisset,
1658 2779 1868 2842 neque
1930 2757 2189 2821 adiutor
2257 2760 2323 2824 ei
2387 2759 2458 2823 P.

436 2842 688 2910 Sestius
735 2845 817 2909 ad
860 2846 1271 2912 excitandum
1309 2845 1686 2928 Antonium,
1733 2845 2222 2929 cohortandum,
2273 2869 2460 2913 accu-
2485 2872 2509 2912 a

435 2933 724 3017 sendum,
768 2933 1206 3017 inpellendum
1248 2933 1500 3017 fuisset,
1545 2933 1736 3000 datus
1781 2933 1898 2998 illo
1943 2933 2014 2997 in
2056 2933 2230 2997 bello
2282 2939 2463 3000 esset

432 3020 633 3086 hiemi
686 3020 895 3104 locus,
951 3044 1159 3106 neque
1212 3043 1524 3105 umquam
1569 3019 1878 3105 Catilina,
1933 3042 2081 3086 cum
2125 3042 2161 3085 e
2214 3024 2464 3105 pruina

432 3106 803 3192 Appennini
840 3113 1035 3192 atque
1072 3131 1109 3174 e
1142 3110 1402 3174 nivibus
1439 3109 1571 3174 illis
1609 3109 1980 3174 emersisset
2012 3111 2208 3192 atque
2247 3116 2463 3176 aesta-

432 3199 569 3259 tem
613 3195 939 3281 integram
981 3201 1257 3262 nanctus
1304 3196 1536 3262 Italiae
1581 3197 1766 3262 callis
1812 3202 1880 3261 et
1935 3199 2284 3298 pastorum
2332 3204 2462 3264 sta·

432 3281 591 3346 bula
640 3305 1110 3367 praeoccupare
1156 3283 1504 3367 coepisset,
1563 3284 1701 3349 sine
1747 3285 1957 3350 multo
2005 3285 2328 3370 sanguine
2387 3309 2462 3352 ac
2487 3313 2510 3352 ε

436 3368 571 3433 sine
644 3371 850 3435 totius
922 3369 1153 3436 Italiae
1224 3371 1534 3436 vastitate
1606 3371 1972 3438 miserrima
2042 3372 2462 3440 concidisset.

346 3465 421 3514 13
436 3453 629 3522 Hunc
665 3456 871 3542 igitur
907 3458 1195 3522 animum
1231 3458 1470 3523 adtulit
1506 3459 1588 3523 ad
1623 3460 2033 3526 tribunatum
2067 3458 2140 3524 Ρ.
2179 3458 2466 3539 Sestius,
