2550 3875
894 155 1045 208 CAP.
1088 163 1135 223 1,
1175 161 1205 207 2
1246 161 1275 221 ς
1318 163 1470 209 1—5.
2075 156 2206 220 467

178 317 329 384 Iam
382 338 553 381 nunc
607 317 868 401 fingunt
921 338 1233 400 responsa
1283 315 1532 381 Antoni
1588 338 1788 400 eaque
1845 315 2212 380 defendunt.
2232 321 2265 367 2

181 406 322 471 Alii
368 405 701 489 postulare
747 405 963 489 illum,
1016 409 1093 468 ut
1139 426 1363 468 omnes
1411 405 1731 469 exercitus
1778 404 2213 469 dimittantur.

186 493 455 559 Scilicet
506 494 762 577 legatos
819 494 902 557 ad
956 514 1103 556 eum
1160 493 1458 556 misimus
1468 545 1486 578 ,
1538 514 1672 556 non
1724 497 1801 556 ut
1844 498 2105 576 pareret
2151 497 2216 556 et

184 582 364 646 dicto
438 582 703 645 audiens
770 585 943 645 esset
995 581 1148 644 huic
1204 581 1443 665 ordini,
1508 582 1620 644 sed
1674 585 1750 644 ut
1804 581 2214 645 condiciones

126 687 153 727 ⁵
184 671 409 754 ferret,
458 670 642 753 leges
696 669 1067 752 inponeret,
1122 691 1409 733 reserare
1454 690 1575 732 nos
1622 669 1861 732 exteris
1909 669 2215 754 gentibus

184 758 454 823 Italiam
499 758 781 840 iuberet,
829 779 897 821 se
943 757 1330 841 praesertim
1374 756 1704 838 incolumi,
1751 778 1790 820 a
1836 778 1963 840 quo
2007 757 2216 821 maius

184 846 551 931 periculum
617 867 811 928 quam
878 845 958 908 ab
1026 845 1177 909 ullis
1232 845 1611 909 nationibus
1669 845 2218 909 extimescendum

186 938 309 998 est.
414 933 551 998 Alii
614 934 947 998 remittere
1011 955 1159 997 eum
1221 932 1412 997 nobis
1480 931 1762 997 Galliam
1829 932 2214 1015 citeriorem,
2235 941 2311 1010 (3)

186 1023 371 1086 illam
400 1021 703 1086 ultimam
731 1022 1083 1105 postulare,
1117 1022 1475 1105 praeclare3
1504 1043 1581 1085 ex
1612 1042 1742 1104 qua
1767 1042 1900 1084 non
1927 1020 2216 1106 legiones
2240 1035 2271 1080 3

104 1129 160 1168 ιο
190 1111 427 1192 solum,
475 1111 588 1174 sed
626 1110 826 1174 etiam
861 1110 1159 1174 nationes
1197 1110 1282 1173 ad
1317 1110 1544 1173 urbem
1584 1113 1854 1174 conetur
1892 1109 2221 1173 adducere.

190 1199 327 1264 Alii
354 1198 522 1262 nihil
551 1220 698 1262 eum
726 1198 860 1262 iam
886 1197 1012 1261 nisi
1045 1199 1335 1262 modeste
1356 1198 1709 1281 postulare.
1773 1195 2223 1279 Macedoniam

188 1310 377 1352 suam
424 1290 616 1350 vocat
662 1286 957 1370 omnino,
1012 1287 1322 1370 quoniam
1370 1284 1571 1349 Gaius
1618 1285 1822 1348 frater
1869 1288 1970 1348 est
2018 1285 2218 1366 [inde]

187 1379 562 1458 revocatu83
607 1374 719 1439 sed
766 1395 929 1457 quae
975 1375 1314 1458 provincia
1359 1378 1479 1458 est,
1527 1396 1604 1438 ex
1650 1395 1779 1456 qua
1824 1373 1941 1436 illa
1975 1373 2085 1436 fax
2123 1395 2223 1436 ex-

190 1464 395 1528 citare
467 1484 600 1526 non
672 1463 885 1546 possit
956 1462 1370 1526 incendium?
1488 1461 1719 1545 Itaque
1794 1461 1967 1525 idem
2034 1461 2222 1544 quasi

102 1569 157 1609 15
186 1551 448 1636 providi
521 1551 693 1615 cives
767 1554 836 1614 et
908 1554 1240 1616 senatores
1315 1550 1664 1634 diligentes
1735 1549 2047 1614 bellicum
2119 1570 2221 1613 me
2326 1549 2336 1556 “

189 1638 501 1706 cecinisse
540 1639 791 1723 dicunt3
830 1638 1195 1721 suscipiunt
1229 1639 1411 1722 pacis
1448 1637 1904 1721 patrocinium.
1987 1636 2221 1702 Nonne

188 1729 285 1793 sic
358 1725 740 1810 disputant?
843 1725 1218 1791 ‘Imitatum
1282 1726 1645 1791 Antonium
1705 1748 1839 1790 non
1904 1727 2225 1810 oportuit3

185 1837 474 1899 nequam
512 1819 615 1879 est
648 1815 846 1879 homo
886 1814 997 1878 ille
1037 1818 1231 1897 atque
1270 1814 1626 1898 confidens3
1661 1814 1854 1877 multi
1887 1818 2224 1898 praeterea

190 1901 501 1987 improbi'
540 1901 731 1987 (quos
772 1902 1033 1987 quidem
1070 1923 1119 1968 a·
1147 1924 1215 1968 se
1250 1902 1534 1987 primum
1562 1923 1902 1967 numerare
1931 1906 2223 1987 possunt,

102 2009 159 2048 2⁰
192 1993 305 2077 qui
325 1992 487 2057 haec
505 1992 866 2076 locuntur);
894 2014 1005 2056 eos
1027 1992 1343 2056 cavendos
1364 2013 1504 2055 esse
1525 1991 1928 2055 denuntiant.
1983 1990 2224 2056 Utrum

189 2082 400 2167 igitur
453 2080 523 2143 in
574 2080 840 2144 nefariis
900 2080 1149 2144 civibus
1203 2079 1584 2161 ulciscendi,
1640 2101 1788 2144 cum
1841 2079 2056 2163 possis
2068 2130 2085 2164 ,
2141 2102 2221 2144 an
2246 2124 2286 2185 2

191 2168 698 2253 pertimescendi
752 2168 1128 2253 diligentior
1184 2167 1401 2233 cautio
1459 2167 1604 2231 est‘?
1703 2166 1924 2250 Atque
1967 2168 2129 2232 haec
2177 2170 2222 2231 ii
2243 2215 2278 2261 4

191 2257 526 2340 locuntur,
592 2256 705 2339 qui
770 2257 1095 2340 quondam
1158 2260 1427 2340 propter
1482 2256 1821 2320 levitatem
1874 2257 2222 2340 populares

191 2345 623 2409 habebantur.
736 2344 840 2408 Ex
914 2365 1043 2427 quo
1112 2344 1412 2429 intellegi
1485 2347 1707 2427 potest
1780 2344 1998 2409 animo
2072 2345 2223 2410 illos

107 2447 163 2489 25
194 2432 617 2498 abhorruisse
684 2454 940 2515 semper
1004 2433 1085 2496 ab
1153 2433 1402 2515 optimo
1469 2431 1758 2497 civitatis
1825 2436 2030 2515 statu,
2092 2456 2226 2498 non

193 2522 532 2587 voluntate
578 2520 781 2585 fuisse
826 2521 1191 2604 populares,
1286 2520 1412 2595 Qui
1459 2520 1634 2585 enim
1681 2520 1922 2605 evenit,
1966 2525 2061 2605 ut,
2113 2522 2225 2606 qui

192 2612 265 2675 in
320 2610 513 2673 rebus
563 2609 883 2693 improbis
930 2609 1277 2692 populares
1324 2608 1594 2691 fuerint,
1649 2608 1822 2672 idem
1868 2609 1937 2671 in
1981 2631 2050 2673 re
2097 2632 2227 2673 una

194 2698 474 2762 maxime
530 2696 859 2781 populari,
916 2696 1088 2779 quod
1145 2697 1369 2760 eadem
1425 2696 1733 2760 salutaris
1784 2696 1880 2759 rei
1925 2697 2225 2779 publicae

198 2788 314 2869 sit,
378 2786 715 2869 improbos
776 2807 844 2849 se
903 2806 1096 2868 quam
1152 2785 1487 2867 popularis
1545 2806 1686 2848 esse
1740 2784 2018 2847 malint?
2118 2784 2225 2849 Me

109 2892 167 2930 ³0
198 2875 463 2958 quidem
528 2894 807 2957 semper,
861 2873 964 2937 uti
1019 2872 1229 2954 scitis,
1287 2872 1728 2937 adversarium
1784 2872 2224 2937 multitudinis

195 2960 557 3027 temeritati
608 2960 769 3026 haec
816 2958 974 3025 fecit
1016 2960 1540 3044 praeclarissima
1587 2981 1783 3023 causa
1827 2961 2226 3043 popularem.

192 3050 288 3114 Et
343 3049 605 3132 quidem
662 3050 965 3113 dicuntur
1017 3049 1121 3113 vel
1173 3048 1396 3132 potius
1443 3070 1511 3112 se
1557 3048 1686 3131 ipsi
1733 3047 1957 3112 dicunt
2003 3059 2274 3113 consu-5

193 3139 395 3221 lares;
458 3158 587 3221 quo
652 3137 914 3202 nomine
971 3137 1205 3222 dignus
1262 3140 1364 3201 est
1416 3157 1640 3219 nemo,
1702 3136 1833 3199 nisi
1890 3136 2001 3220 qui
2056 3138 2228 3201 tanti

192 3224 466 3291 honoris
529 3247 769 3289 nomen
829 3228 1052 3308 potest
1116 3225 1455 3289 sustinere.
1555 3223 1803 3288 Faveas
1869 3228 1944 3287 tu
2001 3225 2226 3289 hosti?

108 3331 164 3372 ³5
193 3314 307 3377 ille
343 3313 601 3377 litteras
639 3314 719 3377 ad
757 3317 824 3377 te
852 3312 1079 3377 mittat
1107 3312 1184 3376 de
1215 3333 1334 3377 sua
1363 3334 1476 3396 spe
1506 3334 1722 3376 rerum
1751 3313 2226 3377 secundarum?

196 3423 307 3467 eas
354 3405 427 3465 tu
472 3401 686 3466 laetus
728 3400 1040 3484 proferaS,
1087 3400 1342 3483 recites,
1387 3400 1840 3465 describendas
1879 3402 2078 3465 etiam
2116 3401 2227 3466 des

192 3488 515 3575 improbis
586 3489 864 3572 civibus,
939 3510 1161 3552 eorum
1235 3509 1476 3573 augeas
1549 3490 1827 3575 animos,
1899 3490 2223 3555 bonorum

1797 3594 1907 3643 30*
