2550 3875
342 190 477 256 252
906 186 1049 242 PRO
1087 187 1164 242 M.
1203 185 1489 242 SOAURO
1530 186 1819 243 ORATIO.

249 373 320 423 25
341 353 556 418 vincia
608 351 758 436 ipsa
812 349 1331 435 cognoscendam
1388 353 1456 413 et
1510 349 1883 414 discendam
1937 345 2194 433 putavi.‘
2280 349 2393 416 An

260 476 264 480 -
339 463 465 528 ego
505 440 827 525 querellas
868 442 1064 522 atque
1101 438 1375 502 iniurias
1415 441 1752 502 aratorum
1788 458 1923 501 non
1950 437 2021 502 in
2049 438 2391 522 segetibus

338 529 502 614 ipsis
533 529 834 612 arvisque
865 525 1371 611 cognoscerem?
1427 525 1799 611 Peragravi,
1835 525 2122 609 inquam,
2150 526 2389 610 Triari,

339 617 692 683 durissima
743 614 1007 699 quidem
1049 614 1264 678 hieme
1308 613 1501 678 vallis
1548 613 2137 699 Agrigentinorum
2184 618 2389 698 atque

341 705 548 770 collis,
641 703 926 786 Campus
971 702 1084 766 ille
1129 701 1580 767 nobilissimus
1630 724 1705 766 ac
1750 702 2198 766 feracissimus
2243 703 2386 786 ipse
2447 727 2474 767 ⁵

340 814 446 857 me
503 814 767 857 causam
821 812 1027 875 paene
1073 789 1297 854 docuit
1339 788 1719 855 Leontinus.
1810 788 1968 853 Adii
2014 811 2199 855 casas
2250 813 2389 854 ara-

339 886 561 945 torum
570 931 588 965 ,
644 902 684 944 a
739 879 912 944 stiva
962 879 1111 962 ipsa
1153 877 1454 942 homines
1501 899 1758 942 mecum
1803 879 2389 961 conloquebantur.

255 980 326 1028 26
345 968 579 1052 Itaque
627 968 724 1032 sic
769 966 899 1030 fuit
943 966 1060 1030 illa
1106 987 1413 1050 expressa
1458 987 1672 1049 causa,
1717 987 1849 1031 non
1894 970 1973 1030 ut
2018 967 2244 1031 audire
2293 989 2389 1052 ea,

342 1079 508 1141 quae
544 1056 860 1138 dicebam,
904 1054 1168 1137 iudices,
1205 1053 1318 1118 sed
1354 1056 1430 1118 ut
1467 1075 1727 1118 cernere
1765 1058 1832 1117 et
1867 1076 2073 1138 paene
2108 1058 2387 1140 tangere

338 1145 731 1210 viderentur.
822 1141 1054 1226 Neque
1103 1141 1277 1208 enim
1323 1140 1485 1206 mihi
1530 1141 1871 1226 probabile
1905 1164 2116 1226 neque
2153 1165 2387 1208 verum
2418 1169 2473 1206 ιο

339 1233 687 1298 videbatur
751 1252 884 1314 me,
947 1252 1096 1295 cum
1158 1230 1577 1294 fidelissimae
1634 1233 1830 1314 atque
1887 1230 2388 1315 antiquissimae

339 1320 715 1406 provinciae
769 1317 1208 1403 patrocinium
1257 1318 1678 1403 recepissem,
1732 1340 1996 1384 causam
2043 1322 2391 1404 tamquam

338 1409 533 1474 unius
581 1407 840 1472 clientis
886 1407 960 1471 in
1005 1406 1305 1471 cubiculo
1352 1428 1497 1471 meo
1546 1407 1809 1471 discere.

237 1487 320 1550 12
473 1496 650 1580 Ego,
705 1516 914 1579 nuper
965 1515 1112 1558 cum
1158 1493 1453 1579 Reatini,
1508 1495 1622 1579 qui
1668 1499 1885 1560 essent
1929 1495 2001 1561 in
2044 1495 2171 1560 fide
2220 1518 2389 1580 mea,

250 1577 320 1624 27
342 1605 446 1648 me
513 1604 699 1648 suam
761 1583 1095 1666 publicam
1151 1604 1414 1647 causam
1468 1584 1546 1648 de
1602 1579 1822 1648 Velini
1876 1583 2259 1649 fluminibus
2317 1589 2389 1649 et
2416 1608 2471 1648 15

342 1671 658 1736 cuniculis
733 1671 906 1755 apud
969 1669 1092 1735 hos
1159 1670 1456 1735 consules
1522 1691 1715 1756 agere
1785 1671 2178 1756 voluissent,
2250 1694 2391 1738 non

339 1758 714 1824 existimavi
752 1780 856 1823 me
889 1780 1102 1843 neque
1136 1758 1448 1843 dignitati
1475 1759 1921 1843 praefecturae
1952 1760 2388 1846 gravissimae

338 1869 552 1931 neque
595 1846 750 1911 fidei
795 1868 977 1910 meae
1024 1847 1188 1910 satis
1235 1868 1377 1911 esse
1413 1847 1761 1932 facturum,
1805 1847 1935 1913 nisi
1972 1870 2076 1912 me
2116 1870 2389 1913 causam

341 1936 528 2001 illam
571 1957 706 2001 non
753 1934 967 2000 solum
1011 1934 1329 2019 homines,
1378 1935 1491 2000 sed
1538 1936 1738 2001 etiam
1777 1935 1961 2001 locus
1997 1936 2139 2021 ipse
2176 1938 2391 2003 lacus-

250 2045 320 2094 28
342 2047 468 2109 (1116
514 2024 862 2088 docuisset.
952 2022 1184 2107 Neque
1231 2028 1309 2088 tu
1356 2024 1547 2089 aliter
1590 2024 1885 2109 fecisses,
1930 2025 2165 2109 Triari,
2210 2026 2270 2091 si
2316 2029 2387 2091 te
2414 2052 2471 2091 ω

339 2113 409 2177 id
454 2112 555 2176 tui
600 2112 717 2176 isti
765 2110 955 2176 Sardi
1000 2110 1214 2176 facere
1259 2112 1649 2196 voluissent,
1702 2113 1801 2197 hi,
1848 2113 1961 2197 qui
2006 2116 2074 2178 te
2118 2114 2190 2178 in
2238 2111 2389 2179 Sar-

341 2200 590 2264 diniam
626 2199 894 2263 minime
929 2200 1149 2264 venire
1187 2200 1552 2284 voluerunt,
1587 2223 1669 2265 ne
1698 2201 1893 2287 longe
1922 2201 2116 2265 aliter
2144 2202 2390 2288 omnia,

341 2292 540 2371 atque
587 2291 774 2351 erant
810 2287 894 2351 ad
930 2290 996 2352 te
1035 2287 1269 2371 delata,
1319 2310 1763 2374 cognoscereS,
1799 2290 2049 2354 nullam
2086 2290 2389 2355 multitu0

236 2438 323 2502 13
343 2375 514 2439 dinis
550 2373 960 2502 &agardiniq'
997 2375 1371 2461 querellam,
1408 2377 1663 2441 nullum
1698 2377 1771 2478 in
1804 2376 2121 2479 Scaurum
2159 2378 2389 2443 odium

253 2528 322 2575 2⁹
341 2463 2388 2637 3333..magi'ssffissutssssssnffissssfirsseflffsssspssssgssffi
2414 2491 2469 2532 ²⁵

339 2661 472 2704 uno
537 2642 708 2703 teste
773 2640 1111 2723 producto.
1203 2640 1298 2704 At
1362 2663 1491 2725 quo
1556 2644 1756 2726 teste,
1820 2643 1886 2707 di
1944 2642 2385 2707 immortales!

338 2726 497 2791 Non
551 2726 743 2811 satis,
800 2727 974 2810 quod
1027 2750 1157 2792 uno
1168 2779 1185 2812 ,
1239 2750 1400 2814 non,
1456 2730 1629 2813 quod
1678 2730 1937 2815 ignoto,
1989 2751 2149 2815 non,
2208 2732 2386 2815 quod

339 2815 497 2900 levi3
534 2815 816 2879 etiamne
854 2812 1120 2880 Valerio
1155 2820 1325 2880 teste
1353 2818 1632 2901 primam
1665 2819 1991 2883 actionem
2021 2817 2385 2901 confecisti,

337 2903 474 3055 3:33.
509 2903 899 3055 ffitfssssflffi.
918 2903 2385 3078 ’ἰῗὲἰῖἷῗζἕῗίἶῖἱὲεέἆῗζὲῗῑὲἓῗῖἲῗωῗῖἓ
2410 2933 2467 2973 ³⁰

1175 3044 1192 3076 ,
2357 3046 2373 3060 .

254 3088 324 3137 30
347 3078 597 3154 Quodsi
642 3082 710 3143 te
757 3099 947 3142 omen
981 3080 1266 3145 nominis
1306 3082 1508 3145 vestri
1543 3082 1715 3147 forte
1751 3083 1953 3167 duxit,
1998 3104 2120 3147 nos
2158 3086 2387 3149 tamen

339 3166 409 3230 id
472 3188 652 3230 more
717 3166 1066 3251 maiorum,
1133 3169 1289 3251 quia
1350 3169 1643 3235 faustum
1704 3174 2041 3255 putamus,
2101 3192 2241 3235 non
2300 3172 2385 3236 ad

239 3255 322 3317 14
341 3254 724 3337 perniciem,
797 3275 1022 3318 verum
1099 3255 1181 3318 ad
1255 3257 1536 3323 salutem
1607 3258 2130 3342 interpretamur.
2252 3257 2382 3324 Sed

344 3341 558 3405 omnis
603 3340 738 3404 ista
783 3341 1083 3406 celeritas
1131 3364 1206 3407 ac
1252 3343 1610 3431 festinatio,
1657 3346 1831 3429 quod
1867 3346 2381 3431 inquisitionem,
2407 3373 2459 3414 ³5

343 3428 520 3509 quod
575 3428 863 3510 priorem
919 3429 1245 3493 actionem
1298 3435 1510 3496 totam
1565 3435 1925 3519 sustulisti,
1977 3434 2140 3499 illud
2198 3439 2380 3518 pate-

341 3513 504 3576 fecit
557 3519 624 3577 et
676 3514 1083 3601 inlustravit,
1139 3518 1314 3603 quod
1370 3522 1698 3585 occultum
1752 3527 1975 3587 tamen
2026 3544 2160 3589 non
2215 3527 2379 3605 erat,
