2550 3875
805 210 969 267 CAP.
1012 218 1218 268 17-—19
1258 218 1290 279 ς
1330 218 1558 269 39—44.
2111 212 2194 276 19

165 372 301 522 pitu
370 370 583 456 ipsius
658 373 907 438 tribuni
977 374 1065 459 pl.
1146 374 1397 441 inimici
1461 376 1591 440 mei
1669 375 1943 441 fratrem
2013 394 2195 459 prae-

192 464 428 525 ecerat.

298 546 483 613 Haec
547 568 703 633 ergo
770 570 919 613 cum
982 550 1269 614 viderem
1334 548 1569 637 (neque
1625 552 1800 615 enim
1847 554 2038 616 erant
2092 572 2194 616 oc-

166 633 375 721 culta)
386 686 404 720 ,
468 640 797 719 senatum,
862 638 1001 701 sine
1056 658 1187 722 quo
1240 639 1476 703 civitas
1533 643 1709 704 stare
1763 661 1897 705 non
1949 642 2192 724 posset,

110 745 138 785 ⁵
166 724 433 788 omnino
482 724 561 788 de
600 724 865 789 civitate
904 746 1046 789 esse
1085 726 1438 812 sublatum,
1485 728 1804 811 consules,
1848 727 1962 811 qui
1998 727 2191 791 duces

160 811 416 896 publici
462 811 721 876 consilii
762 834 908 877 ⁴esse
953 813 1284 897 deberent,
1327 814 1696 900 perfecisse,
1742 820 1818 879 ut
1858 837 1976 899 per
2011 815 2192 899 ipsos

159 900 503 983 publicum
544 899 893 965 consilium
928 900 1225 965 funditus
1263 902 1623 986 tolleretur,
1670 924 1800 987 eos,
1848 903 1959 985 qui
1994 902 2194 986 pluri-

160 1008 346 1051 mum
390 991 686 1071 possent,
742 988 984 1072 opponi
1030 989 1335 1053 omnibus
1383 991 1795 1055 contionibus
1840 990 2031 1073 fals0,
2076 990 2192 1055 sed

158 1075 587 1139 formidolose
631 1079 856 1139 >tamen
913 1081 1215 1142 auctores
1254 1078 1337 1141 ad
1370 1078 1726 1161 perniciem
1763 1100 1994 1161 meam,
2039 1098 2189 1143 con-

80 1185 131 1224 10
158 1164 382 1227 tiones
416 1162 647 1227 haberi
684 1163 923 1229 cotidie
960 1168 1191 1229 contra
1226 1187 1350 1248 me,
1393 1186 1620 1231 vocem
1654 1188 1776 1249 pro
1813 1187 1918 1230 me
1955 1186 2032 1230 ac
2066 1186 2188 1249 pro

156 1272 229 1316 re
286 1250 555 1335 publica
598 1251 928 1315 neminem
973 1252 1266 1336 mittere,
1319 1254 1576 1317 intenta
1621 1253 1812 1338 signa
1856 1254 2190 1338 legionum

157 1338 527 1404 existima-ri
570 1339 929 1403 cervicibus
968 1361 1044 1405 ac
1080 1340 1273 1405 bonis
1310 1341 1548 1405 vestris
1585 1340 1773 1425 falso,
1819 1342 1933 1405 sed
1967 1340 2188 1424 putari

155 1432 415 1510 tamen,
471 1426 960 1491 coniuratorum
1006 1428 1227 1511 copias
1272 1432 1526 1493 veteres
1571 1433 1642 1493 et
1687 1428 1959 1493 effusam
2002 1428 2189 1492 illam

155 1538 237 1580 ac
276 1515 685 1598 dissupatam
714 1512 1039 1580 Catilinae
1074 1516 1499 1601 inportunam
1535 1539 1801 1581 manum
1826 1538 1997 1581 novo
2027 1516 2188 1580 duce

74 1625 125 1665 ω
155 1608 229 1667 et
295 1603 635 1686 insperata
706 1604 1219 1668 commutatione
1291 1626 1510 1669 rerum
1577 1626 1718 1670 esse
1780 1608 2188 1669 renovatam:

150 1692 325 1756 haec
371 1711 521 1757 cum
566 1691 869 1775 viderem,
920 1692 1077 1775 quid
1122 1712 1403 1777 agerem,
1447 1692 1738 1758 iudices?
1813 1690 1964 1757 Seio
2011 1692 2183 1756 enim
2203 1697 2272 1747 43

150 1784 307 1843 tum
330 1800 469 1843 non
496 1778 657 1842 mihi
684 1783 978 1843 vestrum
1006 1779 1315 1865 studium,
1347 1780 1459 1844 sed
1486 1802 1704 1844 meum
1729 1802 1936 1866 prope
1962 1784 2184 1845 vestro

151 1867 464 1932 defuisse.
538 1865 1011 1931 Oontenderem
1066 1872 1297 1931 contra
1340 1868 1678 1932 tribunum
1724 1869 1812 1953 pl.
1852 1866 2156 1953 privatus
2177 1868 2288 1940 (48)

151 1956 412 2020 armis?
484 1953 819 2020 Vicissent
862 1955 1177 2041 inprobos
1219 1957 1395 2040 boni,
1439 1955 1648 2021 fortes
1685 1957 1944 2041 inertis3
1990 1958 2187 2021 inter-

67 2067 122 2106 πο
150 2044 375 2110 fectus
432 2047 607 2108 esset
660 2043 745 2128 is,
802 2044 915 2126 qui
968 2044 1093 2108 hae
1144 2066 1277 2108 una
1329 2044 1652 2108 medicina
1695 2045 1838 2109 sola
1881 2044 2100 2129 potuit
2145 2065 2188 2106 a

148 2133 255 2198 rei
312 2131 614 2216 publicae
659 2135 844 2215 peste
890 2131 1153 2214 depelli3
1208 2132 1366 2216 quid
1411 2132 1684 2197 deinde?
1741 2132 1886 2215 quis
1933 2132 2186 2215 reliqua

148 2219 575 2306 praestaret?
613 2219 718 2283 cui
754 2219 1030 2302 denique
1068 2223 1211 2283 erat
1246 2220 1533 2304 dubium,
1571 2220 1731 2303 quin
1765 2221 1879 2284 ille
1917 2219 2184 2304 sanguis

150 2307 573 2390 tribuniciuS,
609 2307 791 2370 nullo
828 2307 1215 2390 praesertim
1249 2307 1515 2390 publico
1552 2307 1827 2372 consilio
1858 2307 2184 2391 profusus,

150 2396 464 2463 consules
518 2395 767 2460 ultores
824 2397 891 2458 et
946 2394 1318 2459 defensores
1373 2399 1547 2459 esset
1589 2395 1981 2460 habiturus?
2035 2416 2185 2460 cum

64 2505 121 2546 25
150 2484 431 2569 quidam
467 2483 537 2547 in
573 2483 874 2546 contione
912 2483 1185 2547 dixisset
1220 2487 1336 2547 aut
1367 2483 1530 2546 mihi
1559 2483 1759 2547 semel
1784 2483 2188 2566 pereundum

149 2577 277 2637 aut
330 2572 437 2635 bis
494 2592 633 2635 esse
687 2570 1091 2634 vincendum.
1174 2569 1346 2646 Quid
1391 2575 1534 2634 erat
1577 2571 1680 2635 bis
1727 2571 2027 2636 vincere?
2107 2569 2186 2634 Id

144 2659 487 2746 profectO,
549 2663 652 2742 ut,
708 2679 856 2723 cum
910 2659 1360 2722 amentissimo
1416 2659 1682 2724 tribuno
1737 2659 1823 2742 pl.
1868 2661 1928 2724 si
1971 2659 2184 2722 decer-

146 2756 428 2832 tassem,
466 2767 613 2812 cum
650 2747 1027 2811 consulibus
1066 2747 1426 2830 ceterisque
1461 2747 1602 2810 eius
1634 2746 1962 2811 ultoribus
1999 2746 2184 2810 dimi-

146 2858 395 2903 carem.
477 2835 625 2920 Ego
679 2855 861 2918 vero,
915 2834 1021 2898 vel
1075 2835 1133 2898 si
1186 2835 1588 2917 pereundum
1637 2834 1876 2898 fuisset
1927 2855 2004 2899 ac
2047 2843 2272 2898 nonu

56 2947 117 2988 ao
146 2923 541 3008 accipienda
583 2923 783 3007 plaga
826 2921 991 2986 mihi
1028 2923 1360 3006 sanabilis,
1403 2921 1506 2986 illi
1541 2921 1893 3005 mortifera,
1940 2921 2052 3006 qui
2087 2921 2184 2985 in-

141 3013 514 3100 posuisset,
549 3011 749 3075 semel
776 3010 987 3094 perire
1016 3014 1256 3093 tamen,
1291 3009 1554 3093 iudices,
1579 3010 1957 3074 maluissem
1987 3029 2183 3092 quam

142 3102 261 3167 bis
296 3101 578 3165 vincere.
642 3099 808 3163 Erat
844 3098 1021 3164 enim
1055 3098 1172 3161 illa
1208 3098 1419 3162 altera
1453 3099 1592 3162 eius
1625 3097 1802 3161 modi
1832 3096 2182 3180 sententie,

140 3194 235 3256 ut
294 3209 511 3272 neque
573 3187 731 3252 vieti
784 3207 993 3269 neque
1048 3186 1332 3250 victores
1385 3207 1523 3249 rem
1575 3185 1907 3270 publicam
1959 3188 2182 3248 tenere

140 3297 524 3364 possemus.
590 3274 777 3360 Quid,
825 3275 883 3338 si
926 3275 997 3338 in
1030 3274 1244 3358 prima
1282 3273 1696 3337 contentione
1729 3272 1795 3336 vi
1830 3272 2182 3336 tribunicia

48 3391 109 3432 τε
140 3369 375 3432 victus
440 3365 511 3428 in
564 3362 709 3427 foro
767 3383 915 3426 cum
965 3361 1195 3426 'multis
1251 3361 1442 3424 bonis
1497 3361 1656 3424 viris
1711 3359 2182 3426 concidissem‘?

140 3455 481 3522 Senatum
528 3451 825 3516 consules
836 3501 853 3535 ,
910 3449 1127 3533 eredo,
1182 3453 1552 3532 vocassent,
1605 3470 1798 3533 quem
1843 3451 2059 3512 totum
2104 3447 2182 3510 de

137 3543 431 3611 civitate
488 3539 806 3624 delerant3
858 3539 941 3602 ad
996 3559 1177 3602 arma
1229 3540 1598 3621 vocassent,
1655 3535 1766 3622 qui
1807 3557 1892 3600 ne
1933 3536 2182 3600 vestitu

1792 3638 1864 3694 2*

2216 513 2298 578 19

2211 604 2282 653 42
