2550 3875
356 170 491 234 448
640 169 717 224 IN
759 169 832 224 M.
872 167 1271 225 ANTONrUM
1309 167 1577 222 ORATIO
1616 167 2022 222 PHILIPPICA
2057 168 2125 222 V.

354 333 591 398 caretis
636 330 1045 396 Antonium?
1136 330 1262 395 His
1317 330 1555 395 vestris
1611 329 1889 395 decretis
1946 334 2060 395 aut
2114 329 2230 394 ille
2283 351 2416 395 vos

354 441 563 504 aequo
629 420 845 484 animo
912 418 1242 502 adspicere
1307 419 1581 503 poterit,
1645 422 1762 482 aut
1823 439 1940 483 vos
2004 418 2198 483 illum
2255 417 2414 482 sine

356 508 578 573 dolore
625 529 881 572 summo
927 507 1279 572 videbitis?
1360 505 1664 572 Exclusit
1699 506 1889 570 illum
1925 528 1966 570 a
2000 528 2070 571 re
2108 506 2413 590 publica,

354 595 677 680 distraxit,
716 595 1089 681 segregavit
1113 617 1249 660 non
1276 595 1489 660 solum
1524 594 1735 660 scelus
1760 593 1990 679 ipsiuS,
2029 594 2142 659 sed
2171 595 2412 678 etiam,

351 689 429 749 ut
482 684 645 749 mihi
696 684 978 767 videtur,
1032 683 1299 748 fortuna
1345 683 1663 767 quaedam
1707 683 1805 746 rei
1848 682 2168 767 publicae.
2266 682 2410 759 Qui
2467 699 2494 739 ⁵

353 773 413 838 si
456 773 695 858 legatis
740 772 1031 856 paruerit
1075 771 1484 855 Romamque
1529 771 1825 854 redierit,
1870 793 2032 835 num
2075 793 2410 854 umquam

350 861 627 946 perditis
676 860 927 925 civibus
972 860 1311 961 vexillum,
1368 881 1495 944 quo
1542 863 1960 943 concurrant,
2014 858 2408 924 defuturum

350 949 649 1033 putatis?
761 947 889 1014 Sed
952 949 1081 1014 hoc
1153 949 1370 1012 minus
1441 969 1696 1030 vereor3
1769 951 1924 1012 sunt
1992 947 2150 1031 alia,
2225 968 2405 1031 quae

351 1038 563 1124 magis
638 1037 907 1102 timeam
972 1040 1040 1101 et
1097 1036 1401 1137 cogitem.
1509 1034 1889 1120 Numquam
1951 1035 2214 1120 parebit
2279 1036 2402 1100 ille
2549 1108 2550 1133 χ

350 1126 607 1212 legatia
707 1124 883 1190 Novi
934 1125 1221 1189 hominis
1276 1124 1626 1208 insaniam,
1691 1124 2172 1210 adrogantiam,
2235 1125 2400 1188 novi
2434 1141 2490 1180 ιο
2549 1138 2550 1151 ’

349 1215 607 1298 perdita
665 1212 941 1279 consilia
1006 1213 1391 1297 amicorum,
1470 1212 1706 1296 quibus
1771 1212 1883 1276 ille
1947 1216 2051 1276 est
2115 1211 2398 1276 deditus.

264 1313 332 1362 80
348 1301 593 1368 Lucius
649 1302 912 1385 quidem
964 1299 1169 1366 frater
1218 1301 1387 1385 eius,
1441 1304 1674 1385 utpote
1720 1301 1835 1385 qui
1879 1321 2150 1386 peregre
2197 1300 2402 1384 depu-

352 1391 599 1476 gnarit,
653 1389 975 1453 familiam
1027 1389 1223 1454 ducit.
1321 1387 1426 1454 Sit
1469 1410 1587 1473 per
1633 1410 1702 1453 se
1746 1389 1886 1473 ipse
1935 1410 2161 1473 sanus,
2217 1389 2397 1472 quod

348 1500 707 1562 numquam
771 1477 927 1562 erit3
988 1499 1105 1561 per
1166 1477 1291 1542 hos
1357 1498 1500 1542 esse
1565 1477 1625 1542 ei
1680 1480 1903 1541 tamen
1956 1499 2090 1540 non
2143 1476 2393 1541 licebit.
2549 1536 2550 1543 ,

350 1567 627 1631 Teretur
678 1566 931 1631 interea
984 1569 1272 1649 tempus,
1327 1565 1486 1630 belli
1537 1569 1892 1649 apparatus
1939 1564 2389 1650 refrigescent.
2425 1581 2478 1620 1⁵
2549 1602 2550 1609 κ

354 1655 541 1720 Unde
597 1657 698 1718 est
754 1654 964 1718 adhuc
1019 1653 1267 1718 bellum
1318 1657 1606 1718 tractum
1648 1653 1779 1718 nisi
1824 1675 1904 1717 ex
1947 1653 2392 1718 retardatione

352 1747 421 1808 et
483 1742 712 1807 mora?
812 1740 909 1806 Ut
969 1741 1257 1825 primum
1318 1745 1473 1825 post
1536 1741 1894 1806 discessum
1950 1741 2231 1806 latronis
2287 1742 2393 1806 vel

351 1831 573 1915 potius
620 1831 1031 1914 desperatam
1074 1829 1304 1916 fugam
1337 1830 1542 1894 libere
1581 1834 1847 1894 senatus
1883 1829 2112 1894 haberi
2149 1829 2391 1913 potuit,

352 1941 607 2004 semper
650 1919 975 2005 flagitavi,
1022 1921 1102 1983 ut
1148 1940 1667 1984 convocaremur.
1760 1917 1904 1995 Quo
1953 1918 2053 1983 die
2099 1917 2390 2003 primum

352 2008 694 2074 convocati
732 2029 974 2091 sumus,
1011 2029 1161 2072 cum
1196 2006 1524 2092 designati
1562 2008 1859 2072 consules
1893 2028 2031 2071 non
2065 2007 2389 2091 adessent,
2420 2032 2474 2071 ιο
2549 2079 2550 2086 ¹

350 2097 474 2162 ieci
544 2097 869 2161 sententia
940 2117 1087 2160 mea
1148 2095 1434 2159 maximo
1497 2099 1718 2165 vestro
1783 2116 2101 2160 consensu
2164 2094 2390 2160 funda-

350 2187 575 2250 menta
628 2184 723 2248 rei
777 2183 1077 2268 publicae
1125 2184 1332 2248 serius
1381 2184 1675 2268 omnino,
1735 2204 1932 2268 quam
1977 2182 2195 2248 decuit
2243 2180 2390 2268 (nec

352 2273 527 2337 enim
582 2276 735 2337 ante
788 2268 1033 2357 potui);
1089 2272 1203 2337 sed
1248 2276 1498 2355 tamen,
1555 2272 1610 2335 si
1658 2293 1738 2336 ex
1783 2294 1859 2336 eo
1907 2275 2202 2355 tempore
2251 2272 2388 2337 dies

349 2361 569 2425 nullus
622 2358 1037 2424 intermissus
1089 2363 1290 2444 esset,
1343 2359 1590 2423 bellum
1634 2358 1932 2443 profecto
1978 2359 2233 2423 nullum
2277 2359 2388 2424 ha-

262 2468 327 2516 31
351 2450 670 2513 heremus.
753 2447 960 2512 Omne
1006 2448 1254 2511 malum
1297 2469 1570 2512 nascens
1607 2446 1797 2512 facile
1836 2448 2247 2531 opprimitur,
2293 2447 2387 2511 in-
2414 2473 2466 2514 25

350 2539 718 2601 veteratum
761 2536 840 2600 fit
884 2536 1267 2620 plerumque
1306 2535 1661 2601 robustius,
1744 2533 1872 2601 Sed
1909 2540 2052 2599 tum
2091 2539 2388 2618 expecta-

252 2625 331 2688 12
351 2626 591 2689 bantur
627 2623 959 2689 Kalendae
997 2622 1356 2708 Ianuariae,
1391 2622 1672 2688 fortasse
1706 2646 1842 2689 non
1877 2628 2072 2689 recte.
2141 2620 2387 2687 Verum

349 2713 709 2797 praeterita
772 2712 1183 2797 omittamus3
1249 2712 1532 2776 etiamne
1591 2712 1762 2777 hanc
1825 2732 2080 2776 moram
2143 2711 2388 2775 adfere-

350 2823 515 2886 111118,
560 2801 715 2865 dum
748 2800 1247 2884 proficiscantur
1281 2800 1507 2885 legati,
1544 2800 1699 2864 dum
1735 2800 2192 2865 revertantur?
2233 2822 2385 2883 quo·

349 2912 497 2954 rum
534 2888 898 2973 expectatio
939 2889 1417 2953 dubitationem
1453 2888 1612 2953 belli
1651 2887 1878 2952 adfert.
1942 2887 2130 2953 Bello
2161 2893 2383 2952 autem
2409 2916 2461 2955 30

351 2978 547 3042 dubio
596 2976 767 3060 quod
812 2980 1036 3060 potest
1082 2976 1371 3041 studium
1416 2998 1558 3041 esse
1603 2976 1926 3041 dilectus?

486 3064 697 3140 Quam
744 3064 827 3128 ob
875 3086 1031 3147 rem,
1075 3068 1296 3148 patres
1335 3064 1706 3149 conscripti,
1748 3064 2120 3149 legatorum
2155 3065 2382 3129 menti-

352 3174 542 3216 onem
586 3151 836 3215 nullam
883 3173 1113 3217 censeo
1160 3152 1554 3237 faciendam3
1607 3175 1747 3217 rem
1794 3153 2378 3217 administrandam

352 3241 636 3304 arbitror
678 3240 815 3304 sine
851 3240 987 3304 ulla
1024 3261 1208 3305 mora
1246 3243 1313 3305 et
1351 3239 1696 3305 confestim
1734 3242 2084 3326 gerendam
2123 3262 2379 3325 cense03

349 3329 707 3392 tumultum
768 3328 1051 3412 decerni,
1122 3328 1453 3393 iustitium
1518 3329 1708 3411 edici,
1773 3348 1934 3415 saga
1998 3330 2169 3431 sumi
2233 3329 2374 3393 dico
2401 3356 2452 3395 ³⁵

353 3419 673 3498 oportere,
710 3414 1017 3480 dilectum
1048 3416 1278 3480 haberi
1317 3416 1595 3481 sublatis
1622 3417 2130 3483 vacationibus
2112 3441 2183 3482 111
2217 3418 2374 3482 urbe

262 3512 330 3560 32
354 3504 421 3564 et
455 3501 526 3564 in
558 3501 756 3566 Italia
789 3507 1051 3585 praeter
1089 3502 1374 3567 Galliam
1409 3507 1570 3569 tota.
1656 3505 1834 3582 Quae
1873 3506 1932 3571 si
1968 3510 2159 3574 erunt
2185 3504 2374 3583 facta,
