2550 3875
379 157 465 219 ’74
625 157 706 211 IN
742 154 802 210 P.
841 154 1208 211 VATINIUM
1244 152 1539 209 TESTEM
1574 151 2146 209 INTERROGATIO.

372 317 642 383 Sullana
682 339 866 381 arma
900 317 1217 401 vixerunt,
1263 316 1442 380 solus
1480 315 1880 381 conculcaris
1920 338 1995 379 ac
2031 338 2151 399 pro
2188 316 2389 379 nihilo

368 406 641 490 putaris,
689 406 802 489 qui
847 406 1182 470 consulem
1227 404 1430 469 morti
1476 404 1812 487 obieceris,
1855 404 2179 468 inclusum
2219 425 2391 488 opse-

371 494 568 577 deriS,
623 493 962 558 extrahere
1009 514 1088 557 ex
1133 493 1269 557 suis
1317 492 1511 557 tectis
1558 497 1831 557 conatus
1878 489 1997 574 sis,
2045 493 2158 575 qui
2207 492 2277 556 in
2320 512 2391 555 eo

281 646 288 655 ,
384 583 779 667 magistratu
832 604 967 646 non
1019 583 1197 645 modo
1253 580 1594 645 emerseris
1650 603 1728 645 ex
1781 581 2230 663 mendicitate,
2286 579 2393 644 sed

264 644 584 735 &matiam
647 670 895 734 divitiis
957 691 1078 734 nos
1142 670 1275 733 iam
1334 668 1468 732 tuis
1533 674 1807 752 terreas3
1869 668 2155 733 fuerisne
2212 672 2393 733 tanta
2442 691 2467 731 5

322 730 787 843 4)crudelitate,
858 762 935 822 ut
999 758 1287 822 delectos
1349 757 1525 822 viros
1590 761 1658 821 et
1719 757 2045 841 principes
2111 757 2393 822 civitatis

273 821 355 884 10
375 847 607 911 tollere
655 851 722 911 et
767 847 978 911 delere
1026 851 1141 910 tua
1187 846 1531 930 rogatione
1578 866 1900 929 conarere,
1949 868 2096 909 cum
2132 844 2206 909 L.
2244 843 2395 909 Vet—

321 912 354 958 4
373 935 560 1018 tium,
607 935 721 1019 qui
757 935 828 999 in
864 938 1095 999 senatu
1132 933 1467 999 confessus
1504 937 1678 997 esset
1714 955 1784 997 se
1822 956 1970 999 cum
2008 934 2142 998 telo
2180 934 2396 1016 fuisse,

373 1027 655 1087 mortem
702 1022 816 1088 Cn.
862 1023 1195 1106 Pompeio,
1243 1043 1499 1086 summo
1546 1025 1614 1085 et
1660 1021 2024 1086 clarissimo
2072 1022 2217 1103 civi,
2264 1022 2396 1085 suis

374 1112 674 1176 manibus
724 1111 952 1175 offerre
996 1111 1301 1194 voluisse,
1346 1110 1417 1174 in
1454 1109 1825 1174 contionem
1862 1110 2263 1194 produxeris,
2306 1110 2397 1173 in·
2434 1136 2478 1174 10

373 1200 583 1265 dicem
627 1200 697 1263 in
741 1199 993 1283 rostris,
1038 1199 1109 1263 in
1152 1199 1288 1282 illo,
1334 1198 1620 1281 inquam,
1667 1202 1989 1282 augurato
2036 1198 2284 1282 templo
2326 1219 2399 1261 ac

372 1288 517 1353 loco
589 1287 976 1371 conlocaris,
1043 1308 1172 1370 quo
1237 1286 1651 1350 auctoritatis
1710 1287 2141 1369 exquirendae
2208 1308 2401 1351 causa

375 1376 574 1440 ceteri
639 1376 888 1439 tribuni
948 1375 1036 1458 pl.
1100 1374 1429 1459 principes
1494 1374 1780 1439 civitatis
1845 1376 2201 1459 producere
2258 1396 2402 1439 con-

374 1468 673 1547 suerunt,
737 1464 832 1528 ibi
885 1466 960 1527 tu
1013 1463 1295 1527 indicem
1350 1463 1651 1528 Vettium
1704 1462 2001 1548 linguam
2056 1468 2123 1527 et
2178 1484 2403 1527 vocem

375 1573 561 1615 suam
590 1550 818 1615 sceleri
846 1554 914 1615 et
940 1551 1144 1615 menti
1173 1555 1324 1615 tuae
1352 1552 1662 1635 praebere
1690 1551 2059 1616 voluisti-
2085 1552 2401 1615 dixeritne
2429 1574 2474 1614 15
2532 1578 2534 1583 ·

374 1638 447 1703 L.
495 1637 760 1702 Vettius
805 1639 877 1702 in
922 1639 1226 1704 contione
1271 1644 1390 1703 tua
1433 1643 1707 1725 rogatus
1744 1662 1785 1703 a
1821 1644 1889 1704 te
1926 1660 2065 1704 sese
2104 1642 2404 1703 auctores

375 1730 445 1790 et
480 1727 846 1810 inpulsores
884 1731 951 1791 et
988 1728 1200 1792 socios
1232 1728 1541 1792 habuisse
1572 1728 1834 1792 sceleris
1862 1727 2040 1792 illius
2070 1746 2183 1792 eos
2212 1728 2405 1809 viros,

376 1814 615 1898 quibus
664 1838 698 1879 e
745 1814 1010 1879 civitate
1057 1816 1355 1899 sublatis,
1404 1816 1577 1899 quod
1622 1819 1697 1880 tu
1734 1837 1811 1880 eo
1849 1819 2142 1899 tempore
2180 1815 2405 1879 molie-

378 1904 552 1986 bare,
599 1903 829 1969 civitas
877 1908 1050 1969 stare
1091 1925 1224 1969 non
1259 1909 1500 1989 posset.
1592 1904 1679 1968 M.
1716 1903 2044 1988 Bibulum,
2091 1903 2277 1968 cuius
2314 1902 2405 1968 in-
2534 1955 2536 1964 .

378 1992 667 2056 clusione
715 1996 1058 2057 contentus
1103 2015 1237 2058 non
1283 2013 1443 2077 eras,
1488 1993 1853 2058 interficere
1898 1994 2216 2076 volueras,
2264 2014 2407 2075 spo-
2432 2015 2478 2055 ιο

378 2081 577 2144 liaras
615 2081 976 2164 consulatu,
1012 2081 1230 2164 patria
1262 2081 1519 2164 privare
1558 2081 1882 2165 cupiebas.
1938 2079 2011 2144 L.
2039 2079 2406 2162 Lucullum,

380 2169 562 2232 cuius
600 2172 676 2232 tu
711 2170 904 2233 rebus
943 2169 1167 2254 gestis,
1205 2169 1379 2253 quod
1416 2169 1554 2252 ipse
1589 2170 1669 2232 ad
1697 2169 2154 2253 imperatorias
2184 2169 2409 2232 laudes

381 2279 434 2409 ἓ
477 2278 680 2408 pluero
744 2257 1046 2321 videlicet
1101 2260 1488 2408 ffiectffias't
1542 2257 1987 2409 vebemeisstius
2052 2257 2409 2357 invidebaS,

437 2392 452 2408 .
545 2366 855 2429 unonem,
899 2367 1097 2429 perpe
1175 2367 1290 2409 um
1383 2367 1456 2409 os
1492 2367 1595 2409 em
1630 2365 1820 2428 mpro
1871 2367 2059 2410 orum
2096 2366 2409 2427 ommum,

383 2436 717 2496 auctorem
779 2433 1028 2517 publici
1094 2433 1351 2497 consilii
1414 2433 1717 2498 libertate
1782 2433 2113 2498 communi
2168 2434 2413 2497 tuenda
2437 2455 2485 2495 πει

382 2519 662 2584 maxime
707 2521 1005 2604 liberum,
1051 2543 1198 2585 cum
1243 2520 1382 2585 filio
1428 2521 1721 2605 principe
1756 2521 2114 2586 iuventutis
2152 2543 2305 2586 cum
2342 2543 2413 2584 re

380 2608 644 2692 publica
690 2609 1131 2674 coniunctiore
1168 2609 1384 2692 etiam,
1432 2631 1628 2692 quam
1666 2610 1748 2674 ab
1786 2609 1903 2673 illa
1938 2612 2150 2674 aetate
2188 2613 2416 2693 postu-

296 2718 361 2768 25
382 2696 649 2760 landum
685 2696 831 2778 fuit,
868 2697 1080 2762 delere
1118 2697 1403 2762 voluisti.
1467 2696 1539 2761 L.
1568 2697 1952 2782 Domitium,
1988 2698 2175 2763 cuius
2203 2697 2415 2784 digni-

383 2788 488 2850 tas
533 2788 602 2848 et
638 2785 942 2868 splendor
976 2786 1520 2871 praestringebat,
1568 2786 1777 2870 cred0,
1824 2787 2047 2851 oculos
2086 2792 2239 2870 tuOS,
2288 2785 2420 2850 Va-

383 2872 526 2956 tini,
565 2894 758 2955 quem
795 2876 870 2937 tu
905 2878 1178 2958 propter
1205 2895 1547 2939 commune
1576 2874 1797 2939 odium
1824 2875 1897 2939 iu
1922 2875 2133 2940 bonos
2161 2875 2418 2957 oderas,
2445 2896 2493 2936 so

381 2961 453 3025 in
505 2965 845 3044 posterum
900 2966 1118 3026 autem
1171 2967 1443 3046 propter
1498 2963 1789 3029 omnium
1844 2985 2053 3048 spem,
2109 2984 2280 3047 quae
2338 2963 2420 3027 de

381 3048 499 3113 illo
558 3053 660 3114 est
715 3054 910 3132 atque
958 3053 1124 3133 erat,
1181 3055 1333 3114 ante
1380 3051 1718 3134 aliquanto
1766 3051 2074 3135 timebas,
2129 3049 2205 3115 L.
2252 3049 2421 3116 Len-

383 3137 626 3220 tulum,
688 3137 860 3202 hunc
913 3137 1193 3203 iudicem
1245 3143 1574 3223 nostrum,
1635 3139 1967 3204 flaminem
2021 3139 2422 3222 Martialem,

386 3225 560 3307 quod
607 3230 750 3288 erat
795 3247 871 3290 eo
919 3231 1212 3309 tempore
1252 3225 1493 3292 Gabini
1530 3227 1630 3291 tui
1668 3229 2079 3311 competitor,
2126 3227 2425 3292 eiusdem

384 3311 572 3375 Vetti
635 3312 874 3377 indicio
939 3313 1306 3397 opprimere
1371 3315 1667 3400 voluisti3
1732 3316 1846 3400 qui
1910 3316 1967 3380 si
2030 3320 2175 3381 tum
2230 3316 2425 3381 illam
2450 3335 2495 3377 ss

383 3398 601 3462 labem
663 3404 1044 3484 pestemque
1105 3401 1400 3484 vicisset,
1465 3404 1640 3485 quod
1694 3404 1757 3467 ei
1810 3407 1928 3468 tuo
1985 3404 2228 3469 scelere
2287 3425 2426 3468 non

385 3484 590 3568 licuit,
626 3508 732 3551 res
768 3487 1030 3572 publica
1067 3487 1243 3553 victa
1278 3509 1411 3552 non
1448 3494 1639 3555 esset.
1712 3491 1928 3556 Huius
1966 3491 2170 3556 etiam
2206 3493 2429 3556 filium
