2550 3875
325 155 462 219 220
855 154 1000 210 PRO
1041 152 1152 208 CN.
1189 152 1509 208 PLANCIO
1548 151 1839 207 ORATIO.

327 318 526 401 plena
571 316 1054 399 observantiae,
1090 315 1287 399 plena
1332 314 1534 379 etiam
1581 313 2017 399 antiquitatis.
2109 312 2253 378 Isto
2297 313 2376 377 in

330 425 568 490 genere
623 409 693 468 et
744 404 992 468 fuimus
1046 404 1203 488 ipsi,
1258 426 1410 469 cum
1465 402 1847 467 ambitionis
1892 406 2161 466 nostrae
2208 405 2374 466 tem-

327 515 494 577 pora
546 493 1004 576 postulabant,
1059 495 1127 556 et
1182 491 1581 556 clarissimos
1634 491 1813 555 viros
1870 511 2013 555 esse
2066 490 2376 574 vidimus,

330 585 401 646 et
442 581 637 646 hodie
685 602 827 646 esse
873 580 1175 644 volumus
1223 601 1420 664 quam
1455 579 1775 663 plurimos
1814 579 2161 664 gratiosos,
2244 577 2374 642 De·
2548 593 2550 676 1

330 669 610 734 curiatio
640 669 1004 752 tribulium,
1033 668 1374 752 discriptio
1402 667 1648 752 populi,
1676 666 1990 753 suffragia
2015 665 2372 752 largitione
2424 680 2457 720 ⁵
2549 679 2550 686 ’

329 757 635 823 devincta
709 757 1130 822 severitatem
1203 759 1471 820 senatus
1546 758 1614 819 et
1685 756 2011 820 bonorum
2076 755 2374 819 omnium
2546 751 2550 766 “

332 845 556 910 odium
593 867 669 910 ac
707 844 1002 910 dolorem
1039 843 1427 909 excitarunt.
1498 843 1682 908 Haec
1718 843 1895 927 doce,
1928 843 2094 908 haec
2129 842 2373 927 profer,

329 934 460 998 huc
513 933 844 1016 incumbe,
907 931 1311 1015 LaterensiS,
1377 931 1743 997 decuriasse
1797 930 2167 1014 Plancium,
2222 953 2374 996 con-

333 1021 703 1106 scripsisse,
759 1024 1165 1105 sequestrem
1217 1019 1450 1104 fuisse,
1504 1020 1993 1104 pronuntiasse,
2039 1018 2372 1103 divisisse3

329 1114 476 1175 tum
530 1109 824 1174 mirabor
878 1113 946 1174 te
999 1108 1084 1173 iis
1141 1108 1342 1172 armis
1396 1109 1525 1191 uti,
1590 1129 1753 1193 quae
1808 1108 1935 1171 tibi
1988 1108 2097 1172 lex
2149 1107 2371 1191 dabat,
2402 1130 2452 1169 ιο

328 1198 639 1263 noluisse.
728 1197 1110 1261 Tribulibus
1166 1196 1341 1261 enim
1395 1196 1719 1260 iudicibus
1773 1218 1909 1260 non
1952 1196 2147 1261 modo
2197 1217 2374 1260 seve·

332 1287 602 1351 ritatem
645 1284 931 1368 illorum,
979 1285 1037 1349 si
1081 1284 1215 1349 ista
1257 1306 1415 1350 vera
1458 1287 1631 1367 sunt,
1677 1283 1791 1349 sed
1833 1306 1919 1349 ne
1963 1284 2187 1348 vultus
2232 1283 2373 1368 qui-

240 1383 311 1431 46
332 1375 480 1440 dem
534 1374 703 1438 ferre
749 1394 1112 1458 possemus.
1199 1371 1390 1438 Hanc
1435 1375 1511 1436 tu
1556 1372 1879 1436 rationem
1926 1394 2074 1437 cum
2118 1370 2372 1457 fugeris

331 1484 610 1546 cumque
658 1482 770 1525 eos
817 1461 1064 1525 iudices
1109 1460 1353 1525 habere
1396 1460 1706 1543 nolueris,
1752 1481 2032 1543 quorum
2066 1461 2138 1524 in
2172 1460 2371 1524 huius

329 1550 571 1615 delicto
629 1571 779 1614 cum
834 1547 1109 1613 scientia
1165 1549 1558 1632 certissima,
1622 1551 1765 1612 tum
1821 1548 2007 1613 dolor
2062 1548 2369 1634 gravissi·
2398 1569 2448 1610 ιο
2549 1545 2550 1570 ³

329 1659 476 1704 mus
534 1658 675 1702 esse
731 1636 1058 1721 debuerit,
1114 1637 1268 1722 quid
1324 1637 1495 1721 apud
1548 1636 1673 1701 hos
1718 1636 1920 1721 dices,
1978 1637 2089 1721 qui
2136 1636 2254 1701 abs
2303 1641 2370 1700 te

330 1725 523 1790 taciti
575 1725 946 1809 requirunt,
1000 1746 1116 1790 cur
1173 1725 1304 1789 sibi
1356 1725 1484 1790 hoc
1541 1723 1757 1788 oneris
1801 1724 2199 1809 inposueris,
2256 1747 2373 1790 cur

332 1835 404 1878 se
448 1814 872 1898 potissimum
917 1813 1255 1899 delegeris,
1304 1834 1418 1878 cur
1462 1813 1737 1896 denique
1782 1833 1853 1877 se
1900 1811 2190 1877 divinare
2237 1834 2370 1877 ma-

229 1902 536 1972 191ueris
593 1923 791 1985 quam
846 1923 985 1986 eos,
1051 1902 1163 1987 qui
1218 1901 1489 1985 scirent,
1543 1901 1875 1966 iudicare?
1974 1900 2123 1987 Ego
2179 1900 2370 1965 Plan-

334 1991 535 2075 cium,
598 1989 1003 2074 LaterensiS,
1068 1994 1136 2055 et
1196 1990 1419 2074 ipsum
1481 1990 1847 2075 gratiosum
1901 2010 2044 2055 esse
2098 1990 2244 2055 dico
2302 1993 2370 2055 et
2397 2014 2447 2053 κο
2544 1984 2550 2007 ⁴

331 2042 642 2145 habuisse
705 2078 778 2142 in
838 2078 1160 2162 petitione
1223 2078 1473 2143 multos
1530 2078 1801 2161 cupidos
1855 2079 1957 2142 sui
2012 2078 2371 2180 gratiosos3

335 2188 514 2269 quos·
548 2171 624 2230 tu
670 2165 730 2230 si
767 2167 1012 2231 sodalis
1048 2187 1262 2251 vocas,
1311 2164 1673 2231 officiosam
1710 2166 2069 2231 amicitiam
2103 2165 2369 2232 nomine

333 2254 637 2339 inquinas
695 2254 1076 2338 criminosO,
1131 2255 1260 2338 sin,
1316 2254 1471 2337 quia
1526 2254 1803 2340 gratiosi
1848 2255 2011 2338 sint,
2067 2276 2371 2321 accusan-

334 2343 454 2408 dos
499 2346 715 2427 putas,
759 2342 898 2406 noli
943 2342 1172 2407 mirari
1217 2346 1285 2407 te
1321 2342 1408 2426 id,
1454 2342 1628 2426 quod
1666 2346 1783 2407 tua
1818 2343 2109 2428 dignitas
2146 2348 2371 2428 postu·
2548 2404 2550 2419 ἢ

332 2431 517 2514 larit,
573 2430 990 2515 repudiandis
1045 2430 1491 2516 gratiosorum
1537 2430 1847 2495 amicitiis
1892 2453 2027 2495 non
2072 2452 2217 2496 esse
2264 2433 2371 2497 ad·
2396 2454 2447 2495 «ιε
2547 2420 2550 2489 Ι

242 2534 311 2581 47
337 2522 650 2583 secutum.
740 2518 942 2603 Nam,
996 2523 1072 2583 ut
1119 2540 1242 2605 ego
1291 2518 1491 2583 doceo
1538 2518 1906 2604 gratiosum
1951 2540 2091 2583 esse
2135 2520 2208 2584 in
2254 2541 2373 2585 sua
2548 2490 2550 2581 1

333 2607 516 2671 tribu
578 2607 946 2691 Plancium,
1020 2608 1192 2692 quod
1265 2607 1493 2672 multis
1565 2607 1845 2693 benigne
1917 2606 2177 2691 fecerit,
2248 2631 2371 2694 pro
2549 2626 2550 2635 ¹

332 2695 562 2761 multis
610 2694 1054 2779 spoponderit,
1097 2696 1171 2759 in
1215 2716 1447 2778 operas
1484 2695 1803 2779 plurimos
1840 2695 2051 2779 patris
2090 2697 2373 2761 auctori-

332 2787 472 2849 tate
521 2787 590 2847 et
635 2782 854 2869 gratia
899 2782 1181 2868 miserit,
1237 2783 1410 2867 quod
1457 2783 1733 2867 denique
1782 2784 2083 2849 omnibus
2132 2784 2371 2849 officiis

331 2894 451 2955 per
497 2893 586 2956 se,
630 2893 748 2955 per
791 2874 1068 2955 patrem,
1111 2892 1230 2955 per
1265 2871 1547 2937 maiores
1584 2892 1738 2936 suos
1776 2876 1991 2935 totam
2026 2870 2371 2937 Atinatem
2397 2896 2451 2936 30

334 2959 816 3042 praefecturam
862 2959 1453 3044 comprehenderit,
1500 2959 1594 3024 sic
1639 2962 1715 3023 tu
1760 2960 1919 3025 doce
1966 2965 2373 3044 sequestrem

333 3046 564 3132 fuisse,
618 3047 935 3132 larg-itum
982 3050 1160 3133 esse,
1214 3046 1709 3132 conscripsisse,
1763 3048 2028 3112 tribulis
2084 3048 2373 3114 decuria-

332 3136 525 3199 visse.
636 3133 829 3211 Quod
892 3135 950 3199 si
1013 3156 1148 3199 non
1208 3139 1429 3219 potes,
1499 3134 1638 3199 noli
1703 3135 1936 3201 tollere
2000 3157 2081 3200 ex
2144 3136 2371 3202 ordine

332 3227 566 3287 nostro
648 3222 1146 3306 liberalitatem,
1225 3223 1367 3287 noli
1447 3222 1842 3289 maleficium
1920 3228 2153 3308 putare
2227 3246 2371 3291 esse

332 3310 638 3393 gratiam,
682 3310 822 3374 noli
869 3310 1358 3375 observantiam
1404 3310 1655 3376 sancire
1700 3332 1929 3395 poena.
2396 3336 2449 3377 35

469 3395 702 3479 Itaque
755 3397 1197 3461 haesitantem
1250 3400 1319 3461 te
1372 3398 1443 3461 in
1485 3398 1612 3463 hoc
1659 3398 2122 3465 sodaliciorum
2166 3399 2371 3465 tribu-

332 3483 475 3547 ario
515 3483 786 3548 crimine
825 3484 908 3548 ad
945 3505 1358 3549 communem
1394 3486 1679 3551 ambitus
1720 3508 1983 3553 causam
2011 3487 2371 3564 contulisti,
