2550 3875
367 200 502 265 486
573 201 654 255 m
691 199 765 255 M.
804 198 1192 255 moinum
1229 197 1343 254 oa.
1381 197 1565 254 Pam
1612 198 1758 253 vm.
1826 197 1980 253 CAP.
2024 204 2088 252 11
2131 204 2163 265 ς
2202 205 2288 263 32,
2326 206 2413 253 aa.
2528 151 2534 176 '

371 385 519 428 cum
564 360 809 445 partim
856 382 891 423 e
935 360 1128 424 nobis
1175 359 1273 424 ita
1319 360 1535 424 timidi
1574 360 1727 443 sint,
1773 365 1849 424 ut
1887 382 2147 426 omnem
2185 360 2412 445 populi

370 449 652 515 Romani
687 448 1152 513 beneficiorum
1189 449 1573 513 memoriam
1613 448 1989 533 abiecerint,
2034 450 2282 533 partim
2318 450 2415 513 ita

369 560 412 603 a
455 559 526 601 re
572 537 840 621 publica
885 536 1114 621 aversi,
1158 540 1234 601 ut
1284 558 1351 601 se
1397 536 1579 601 hosti
1616 536 1834 601 favere
1872 559 2030 621 prae
2068 559 2139 601 se
2176 537 2414 622 ferant,

368 626 626 710 legatos
670 628 932 690 nostros
981 625 1063 689 ab
1101 623 1395 689 Antonio
1444 624 1785 709 despectos
1832 629 1901 689 et
1942 626 2183 690 inrisos
2222 625 2415 691 facile

369 714 734 798 patiantur,
787 713 1081 798 legatum
1125 712 1377 777 Antoni
1432 713 1844 777 sublevatum
1899 714 2125 778 velint.
2217 713 2415 779 Hunc
2462 736 2483 776 5

371 802 546 865 enim
590 800 805 865 reditu
843 802 924 865 ad
961 800 1325 865 Antonium
1362 800 1697 885 prohiberi
1732 802 2069 887 negabant
2107 807 2415 886 oportere

371 894 439 954 et
485 890 556 954 in
601 890 826 954 eodem
874 888 1250 973 excipiendo
1292 890 1684 953 sententiam
1722 912 1934 954 meam
1974 890 2415 975 corrigebant.
2543 912 2546 947 ‚·

371 976 625 1053 Quibus
671 998 896 1063 geram
943 998 1208 1041 morem.
1293 976 1543 1041 Redeat
1590 978 1670 1041 ad
1714 978 2179 1061 imperatorem
2219 1000 2413 1043 suum

368 1065 643 1150 Varius,
699 1066 811 1130 ned
867 1087 943 1129 ea
988 1065 1158 1151 lege,
1212 1087 1294 1129 ne
1340 1087 1653 1149 umquam
1699 1065 1979 1131 Romam
2025 1070 2415 1132 revertatur.

369 1152 622 1219 Ceteris
679 1157 926 1237 autem,
982 1153 1041 1217 si
1096 1174 1384 1218 errorem
1440 1174 1629 1217 suum
1676 1154 2097 1238 deposuerint
2120 1159 2213 1241 ‘et
2262 1178 2414 1220 cum
2441 1176 2485 1216 ιο

369 1264 437 1307 16
476 1242 740 1327 publica
775 1242 846 1305 in
882 1242 1167 1327 gratiam
1206 1241 1535 1327 redierint,
1571 1243 1829 1307 veniam
1866 1248 1935 1307 et
1972 1244 2416 1327 inpunitatem

370 1330 649 1395 dandam
694 1333 875 1413 puto.

283 1440 352 1488 33
507 1417 685 1494 Quas
733 1419 817 1482 ob
864 1438 968 1481 res
1015 1418 1112 1482 ita
1156 1439 1417 1483 censeo:
1464 1417 1756 1503 ε1110111111,
1804 1419 1919 1503 qui
1965 1441 2112 1485 cum
2149 1418 2240 1484 M.
2280 1420 2417 1485 An-

367 1506 552 1571 tonio
617 1509 799 1590 sunt,
864 1506 976 1591 qui
1036 1507 1142 1572 ab.
1177 1507 1377 1571 armis
1435 1506 1853 1573 discesserint
1907 1511 1976 1573 et
2027 1511 2143 1571 aut
2200 1508 2285 1572 ad
2344 1508 2414 1574 C.

367 1593 653 1658 Pansam
725 1597 838 1658 aut
911 1593 992 1658 ad
1073 1594 1153 1660 A.
1230 1593 1526 1659 Hirtium
1598 1595 1899 1660 consules
1982 1600 2097 1659 aut
2182 1597 2265 1661 ad
2328 1596 2413 1661 D.
2445 1616 2489 1656 15

366 1682 650 1747 Brutum
703 1682 1192 1767 imperatorem,
1255 1683 1588 1747 consulem
1645 1684 2088 1769 designatum,
2153 1688 2273 1748 aut
2330 1686 2416 1749 ad

370 1769 440 1835 G.
489 1769 835 1836 Caesarem
889 1793 1010 1855 pro
1065 1774 1365 1855 praetore
1424 1775 1574 1835 ante
1620 1770 1777 1835 Idus
1824 1771 2101 1836 Martias
2160 1773 2414 1856 primas

370 1858 677 1942 adierint,
750 1859 832 1922 iis
897 1858 1110 1923 fraudi
1175 1881 1256 1923 ne
1324 1859 1437 1944 sit,
1512 1859 1685 1943 quod
1746 1882 1894 1925 cum
1957 1858 2044 1924 M.
2110 1859 2413 1929 Antonio

367 1947 629 2012 fuerint.
733 1946 805 2013 Si
862 1949 1006 2033 quis
1063 1969 1315 2032 eorum,
1372 1948 1486 2031 qui
1542 1971 1687 2013 cum
1742 1946 1830 2012 M.
1885 1949 2179 2015 Antonio
2239 1955 2417 2036 sunt,

368 2036 615 2121 fecerit,
663 2037 836 2121 quod
880 2036 1127 2101 honore
1173 2036 1547 2121 praemiove
1594 2036 1864 2122 dignum
1908 2059 2049 2102 esse
2086 2038 2414 2123 videatur,
2442 2060 2491 2099 20

369 2124 470 2188 uti
517 2123 588 2190 O.
623 2123 840 2190 Pansa
875 2125 955 2188 A.
995 2123 1253 2191 Hirtius
1301 2125 1618 2208 consules,
1664 2125 1832 2190 alter
1878 2126 2173 2210 ambove,
2222 2128 2281 2192 si
2329 2128 2415 2192 iis

368 2212 713 2296 videbitur,
759 2212 836 2276 de
883 2214 1021 2276 eius
1059 2213 1307 2277 honore
1344 2213 1714 2296 praemiove
1751 2213 1965 2297 primo
2006 2235 2268 2298 quoque
2308 2216 2415 2280 die

370 2300 450 2363 ad
506 2303 805 2364 senatum
860 2300 1162 2366 referant.
1255 2299 1329 2366 Si
1384 2301 1499 2384 qui
1551 2304 1705 2385 post
1757 2301 1885 2366 hoc
1942 2306 2210 2367 senatus
2264 2325 2416 2369 con·

371 2388 618 2451 sultum
657 2389 736 2452 ad
765 2387 1128 2453 Antonium
1156 2389 1491 2474 profectus
1520 2393 1694 2454 esset
1720 2393 1979 2474 praeter
2006 2387 2079 2453 L.
2108 2389 2415 2477 Varium,

369 2478 669 2540 senatum
689 2477 1213 2566 existimaturum
1233 2499 1381 2542 eum
1394 2482 1624 2543 contra
1634 2479 2117 2562 rempublicam
2128 2479 2413 2546 fecisse?
2440 2499 2489 2541 2⁵
