2550 3875
798 151 954 208 cAP.
995 159 1204 208 13-15
1241 159 1272 220 ς
1312 160 1542 210 30—35.
2088 157 2177 222 95

153 313 272 396 qui
329 313 636 399 obiurget
686 312 1028 380 mulierem
1070 319 1140 380 et
1182 338 1304 399 pro
1349 337 1453 382 me
1498 317 1834 401 loquatur,
1884 337 1971 383 ne
2014 317 2178 382 mihi

149 406 290 466 ista
360 400 532 466 forte
603 406 996 467 suscenseat.
1101 402 1371 468 Existat
1435 405 1643 490 igitur
1706 428 1785 471 ex
1845 404 1971 470 hac
2032 405 2179 488 ipsa

149 489 412 554 familia
466 489 704 572 aliquis
759 511 835 556 ac
882 491 1304 574 potissimum
1350 491 1595 558 Caecus
1639 493 1781 578 ille3
1834 493 2178 558 minimum

153 579 334 643 enim
397 577 690 642 dolorem
753 579 994 663 capiet,
1059 579 1172 663 qui
1233 580 1435 645 istam
1492 602 1629 646 non
1680 580 1947 647 videbit.
2048 580 2178 657 Qui
2193 590 2306 660 (34)

97 683 128 724 ο
153 665 473 751 profect0,
510 665 569 731 si
605 665 914 751 extiterit,
955 667 1050 732 sic
1087 671 1242 752 aget
1278 690 1356 734 ac
1392 669 1488 734 sic
1522 669 1855 753 loquetur:
1903 668 2179 753 ‘Mulier,

156 755 314 839 quid
359 754 487 821 tibi
524 775 673 819 cum
709 753 950 837 Caelio,
997 755 1154 839 quid
1191 777 1339 820 cum
1374 756 1639 822 homine
1676 757 2179 841 adulescentulo,

155 843 314 928 quid
360 864 509 907 cum
554 842 811 908 alieno?
902 841 1034 909 Cur
1079 848 1195 908 aut
1229 849 1370 908 tam
1404 844 1747 910 familiaris
1785 845 1937 910 huic
1972 844 2179 928 fuisti,

153 935 234 996 ut
279 951 512 996 aurum
557 931 1021 1015 commodares,
1067 935 1183 996 aut
1227 937 1368 998 tam
1412 932 1695 1018 ini-mica,
1740 938 1818 999 ut
1860 954 2177 998 venenum

155 1019 471 1084 timeres?
569 1016 723 1083 Non
775 1023 1030 1104 patrem
1085 1023 1272 1085 tuum
1327 1021 1609 1105 videras,
1664 1042 1799 1087 non
1852 1025 2179 1106 patruum,

0 1151 3 1190 ,
75 1125 129 1166 10
153 1129 291 1173 non
336 1129 547 1190 avum,
589 1127 924 1191 proavum,
971 1111 1236 1172 atavum
1282 1109 1578 1174 audieras
1616 1109 1913 1174 consules
1948 1109 2179 1194 fuisse3

0 1209 2 1276 J
153 1217 292 1260 non
326 1195 601 1279 denique
639 1195 832 1260 modo
870 1199 936 1259 te
972 1195 1046 1272 Q.
1074 1195 1329 1261 Metelli
1366 1197 1858 1262 matrimonium
1892 1197 2179 1262 tenuisse
2204 1211 2274 1261 34

0 1277 2 1310 ³
155 1283 429 1367 sciebas,
473 1283 822 1348 clarissimi
868 1305 946 1348 ac
988 1283 1340 1349 fortissimi
1384 1285 1510 1350 viri
1547 1286 1927 1370 patriaeque
1964 1306 2181 1349 aman-

155 1371 429 1456 tissimi,
484 1371 598 1455 qui
651 1371 849 1436 simul
895 1393 971 1438 ac
1014 1374 1246 1456 pedem
1290 1373 1515 1438 limine
1562 1373 1912 1457 extulerat,
1968 1373 2179 1437 omnis

155 1481 362 1545 prope
399 1458 560 1523 civis
594 1459 858 1543 virtute,
902 1461 1132 1545 gloria,
1176 1461 1500 1546 dignitate
1538 1462 1933 1545 superabat?
2014 1459 2182 1527 Cum

81 1565 130 1605 1⁵
159 1571 240 1612 ex
303 1547 708 1632 amplissimo
819 1569 1007 1613 enere
1070 1549 1140 1613 in
1202 1548 1524 1614 familiam
1578 1550 2012 1615 clarissimam
2066 1571 2181 1613 nu-

155 1637 421 1721 psisses,
457 1657 574 1700 cur
607 1635 734 1700 tibi
818 1636 1023 1701 aelius
1055 1641 1194 1701 tam
1223 1638 1607 1704 coniunctus
1634 1637 1807 1703 fuit?
1844 1641 2181 1723 cognatus,

158 1723 411 1808 adfinia
445 1723 572 1788 viri
609 1724 709 1788 tui
744 1723 1134 1790 familiaris?
1216 1723 1405 1790 Nihil
1442 1747 1685 1792 eorum.
1769 1724 1939 1803 Quid
1976 1726 2183 1810 igitur

155 1813 287 1877 fuit
329 1812 461 1877 nisi
505 1812 822 1896 quaedam
867 1814 1205 1878 temeritas
1253 1835 1331 1880 ac
1373 1814 1622 1879 libido?
1714 1812 1949 1879 Nonne
1992 1819 2077 1897 te,
2122 1813 2181 1878 si

156 1904 425 1967 nostrae
477 1899 799 1987 imagines
853 1901 1074 1967 viriles
1127 1924 1264 1968 non
1318 1903 1842 1988 commovebant,
1898 1923 1982 1969 ne
2036 1923 2182 1987 pro-

85 2007 133 2046 20
157 1990 382 2076 genies
422 1990 684 2073 quidem
722 2012 883 2074 mea,
923 1990 998 2067 Q.
1036 1991 1151 2056 illa
1189 1990 1479 2076 Claudia,
1518 1992 1840 2056 aemulam
1878 1991 2181 2056 domesti-

158 2100 271 2144 cae
335 2078 546 2141 laudis
610 2078 682 2142 in
738 2078 953 2164 gloria
1005 2079 1313 2144 muliebri
1369 2101 1511 2145 esse
1567 2080 1987 2163 admonebat,
2047 2100 2183 2143 non

157 2167 346 2251 virgo
410 2165 528 2229 illa
589 2166 877 2231 Vestalis
934 2166 1230 2253 Claudia,
1296 2190 1461 2251 quae
1523 2171 1781 2252 patrem
1844 2167 2183 2251 complexa

157 2254 675 2337 triumphantem
747 2254 829 2319 ab
902 2254 1168 2321 inimico
1236 2257 1503 2320 tribuno
1565 2255 1781 2339 plebei
1845 2256 1924 2319 de
1989 2277 2183 2321 curru

157 2342 418 2408 detrahi
465 2363 662 2425 passa
711 2364 846 2407 non
891 2344 1038 2408 est?
1129 2342 1262 2409 Cur
1308 2347 1373 2408 te
1419 2343 1710 2408 fraterna
1752 2343 1918 2408 vitia
1960 2343 2181 2428 potius

85 2447 132 2487 2⁵
158 2452 359 2515 quam
411 2430 588 2494 bona
637 2434 916 2515 paterna
968 2434 1037 2495 et
1090 2432 1270 2496 avita
1322 2435 1391 2495 et
1444 2453 1651 2515 usque
1707 2453 1748 2497 a
1792 2431 1987 2497 nobis
2034 2453 2183 2496 cum

155 2520 230 2583 in
289 2517 476 2604 viris,
539 2522 682 2582 tum
746 2518 948 2583 etiam
1009 2519 1080 2583 in
1136 2519 1399 2584 feminis
1455 2520 1740 2605 repetita
1794 2521 2183 2585 moverunt?

154 2607 396 2672 Ideone
468 2627 591 2692 ego
663 2628 892 2691 pacem
955 2605 1194 2691 Pyrrhi
1266 2608 1525 2691 diremi,
1596 2611 1673 2672 ut
1744 2611 1821 2672 tu
1886 2630 2184 2673 amorum

155 2694 692 2778 turpissimorum
764 2695 1000 2761 cotidie
1073 2694 1339 2760 foedera
1407 2695 1663 2780 ferires,
1734 2696 1879 2761 ideo
1946 2718 2185 2781 aquam

159 2783 424 2866 adduxi,
478 2787 558 2847 ut
611 2804 688 2847 ea
741 2788 817 2848 tu
870 2784 1116 2849 inceste
1166 2788 1451 2868 uterere,
1504 2782 1651 2848 ideo
1696 2784 1873 2849 viam
1916 2786 2183 2869 munivi,

83 2888 132 2929 30
157 2875 234 2936 ut
280 2892 428 2937 eam
471 2874 547 2935 tu
592 2872 824 2937 alienis
871 2872 1028 2937 viris
1075 2872 1392 2937 comitata
1437 2872 1796 2938 celebrares
1807 2872 1863 2937 *θ’

293 2956 424 3024 Sed
459 2959 615 3043 quid
652 2980 794 3045 ego,
839 2959 1103 3044 iudices,
1129 2960 1236 3024 -ita
1272 2981 1540 3046 gravem
1566 2982 1915 3045 personam
1941 2959 2184 3045 induxi,
2207 2944 2291 3010 15

157 3051 235 3112 ut
290 3048 412 3127 [et]
460 3068 711 3132 verear,
762 3069 845 3113 ne
893 3070 962 3113 se
1007 3048 1180 3112 idem
1225 3048 1483 3133 Appius
1531 3052 1798 3133 repente
1846 3052 2183 3113 convertat
2204 3035 2273 3083 35

159 3140 228 3200 et
277 3134 573 3201 Caelium
625 3136 900 3219 incipiat
956 3158 1261 3202 accusare
1317 3137 1434 3201 illa
1488 3158 1608 3202 sua
1661 3136 1988 3221 gravitate
2044 3157 2185 3201 cen-

159 3223 379 3289 soria?
473 3220 600 3289 Sed
648 3224 869 3289 videro
915 3224 1044 3290 hoc
1086 3225 1445 3310 posterius,
1500 3228 1697 3308 atque
1742 3224 1867 3307 ita,
1920 3224 2185 3307 iudiceS,

84 3328 133 3368 ³⁵
159 3315 236 3377 ut
281 3310 386 3375 vel
432 3312 860 3377 severissimis
909 3313 1458 3398 disceptatoribus
1495 3309 1583 3376 M.
1621 3311 1803 3379 Caeli
1838 3311 2046 3376 vitam
2082 3322 2216 3376 me'
2257 3316 2262 3323 '

158 3399 594 3483 probaturum
622 3421 763 3465 esse
793 3401 1132 3466 confidam.
1204 3401 1307 3465 Tu
1333 3421 1507 3483 vero,
1540 3400 1791 3483 mulier,
1822 3397 1985 3484 (iam
2012 3401 2188 3465 enim

159 3488 300 3572 ipse
364 3491 585 3553 tecum
645 3488 828 3553 nulla
890 3511 1170 3573 persona
1226 3488 1605 3553 introducta
1656 3485 1921 3573 loquor)
1980 3488 2038 3553 si
2092 3508 2187 3569 ea,
