2550 3875
323 155 412 218 92
888 150 1033 207 PRO
1070 150 1145 206 M.
1185 149 1449 206 CAELIO
1488 149 1775 206 ORATIO.

325 316 732 381 delectantur
777 336 1020 392 omnes,
1069 313 1317 380 versari
1361 311 1753 397 periucunde
1799 310 2055 395 soleret,
2099 309 2227 375 fuit
2270 311 2341 375 in

323 404 449 469 hac
486 425 684 468 causa
714 402 1046 487 pertristis
1085 401 1349 486 quidam
1385 404 1677 485 patruus,
1718 421 1963 483 censor,
1999 399 2339 483 magister;

328 492 702 577 obiurgavit
728 490 817 555 M.
845 489 1156 573 Caelium,
1193 490 1367 555 sicut
1391 488 1717 553 neminem
1744 508 2054 571 umquam
2079 508 2340 571 parens3

327 579 536 645 multa
562 580 640 644 de
666 578 1140 644 incontinentia
1155 577 1787 660 intemperantiaque
1806 575 2131 640 disseruit.
2170 573 2341 650 Quid

328 667 662 751 quaeritis,
705 665 994 731 iudices?
1039 665 1461 751 ignoscebam
1508 664 1695 731 vobis
1742 666 1993 729 attente
2030 662 2341 727 audienti-
2392 684 2425 724 5

327 755 478 839 bus,
531 758 878 839 propterea
931 753 1103 837 quod
1155 756 1417 839 egomet
1463 756 1602 817 tam
1645 752 1838 816 triste
1884 751 2047 816 illud
2092 757 2159 817 et
2204 756 2341 815 tam

238 848 309 896 26
329 864 630 927 asperum
682 862 887 928 genus
945 842 1259 907 orationis
1314 841 1679 905 horrebam.
1775 840 1873 905 Ac
1925 839 2136 923 prima
2188 860 2341 923 pars

327 930 458 995 fuit
500 930 643 1014 illa,
696 951 858 1014 quae
904 950 1008 995 me
1054 930 1267 993 minus
1315 928 1646 1013 movebat,
1690 927 1894 991 fuisse
1940 949 2084 992 meo
2129 948 2343 993 neces-

329 1018 502 1083 sario
547 1017 808 1082 Bestiae
854 1016 1148 1083 Caelium
1192 1016 1602 1100 familiarem,
1652 1030 1914 1081 cenasse
1960 1015 2133 1100 apud
2175 1037 2342 1099 eum,

327 1107 684 1171 ventitasse
720 1106 1002 1189 domum,
1037 1104 1366 1169 studuisse
1400 1110 1763 1189 praeturae.
1853 1101 2007 1168 Non
2042 1126 2145 1168 me
2180 1104 2343 1168 haec
2372 1126 2433 1166 10

329 1198 617 1279 movent3
680 1215 844 1278 quae
905 1193 1244 1277 perspicue
1299 1192 1468 1257 falsa
1520 1196 1701 1278 sunt3
1754 1192 1996 1258 etenim
2050 1214 2159 1257 eos
2212 1214 2345 1255 una

329 1304 592 1347 cenasse
637 1280 820 1365 dixit,
872 1281 983 1365 qui
1029 1284 1144 1345 aut
1189 1280 1446 1365 absunt,
1492 1285 1609 1346 aut
1654 1281 1889 1365 quibus
1933 1302 2194 1346 necesse
2240 1285 2346 1344 est

326 1370 500 1435 idem
553 1369 781 1435 dicere.
870 1368 1100 1453 Neque
1154 1390 1308 1433 vero
1359 1369 1522 1433 illud
1568 1391 1673 1434 me
1720 1372 2113 1452 commovet,
2169 1368 2345 1453 quod

329 1458 456 1522 sibi
516 1458 586 1521 in
638 1456 950 1542 Lupercis
1005 1456 1295 1522 sodalem
1350 1479 1492 1523 esse
1550 1457 1841 1523 Caelium
1894 1456 2076 1521 dixit.
2174 1455 2346 1521 Fera

329 1545 645 1630 quaedam
700 1545 1012 1609 sodalitas
1068 1550 1136 1610 et
1182 1546 1376 1629 plane
1420 1546 1776 1631 pastoricia
1819 1548 2016 1628 atque
2063 1545 2345 1630 agrestis
2374 1568 2435 1608 15

329 1653 789 1733 germanorum
841 1631 1311 1733 Lupercorum,
1375 1654 1652 1717 quorum
1714 1632 1913 1733 coitio
1977 1631 2095 1697 illa
2158 1631 2347 1697 silve-

330 1724 841 1892 Ξῗξιῗωῖἳὲθῃὲῗ
870 1720 2351 1892 fflffssmffiJffifflffffizsszgsszz

331 1897 443 1962 sed
512 1896 712 1962 etiam
776 1901 1289 1962 commemorant
1353 1896 1769 1962 sodalitatem
1831 1897 1901 1961 in
1964 1896 2350 1980 accusandO,

239 1993 308 2042 27
327 1988 430 2068 ut,
483 2007 565 2050 ne
621 1984 766 2068 quis
819 1984 890 2049 id
931 1983 1102 2049 forte
1146 1985 1424 2070 nesciat,
1480 1985 1710 2050 timere
1756 1985 2124 2050 videantur!
2218 1983 2351 2050 Sed
2378 2010 2441 2050 20

327 2073 488 2139 haec
559 2073 890 2159 omittam3
953 2072 1036 2137 ad
1097 2073 1238 2156 illa,
1314 2095 1479 2157 quae
1542 2095 1645 2138 me
1708 2073 1921 2157 magis
1984 2078 2352 2157 moverunt,

330 2161 757 2246 respondebo.

221 2253 336 2321 (2⁷)
454 2248 854 2314 Deliciarum
882 2247 1256 2332 obiurgatio
1284 2246 1413 2312 fuit
1439 2248 1639 2333 longa
1664 2248 1712 2332 †
1740 2251 1807 2312 et
1836 2270 1912 2313 ea
1937 2248 2147 2313 lenior
2173 2248 2355 2332 plus-

331 2359 456 2422 que
501 2336 964 2420 disputationis
1009 2336 1244 2421 habuit
1292 2357 1487 2420 quam
1534 2336 1919 2420 atrocitatis,
1970 2357 2098 2420 quo
2146 2337 2354 2401 etiam

331 2425 554 2489 audita
597 2429 699 2489 est
745 2423 1078 2488 attentius.
1167 2422 1344 2488 Nam
1388 2423 1460 2488 P.
1507 2423 1799 2508 Clodius,
1848 2423 2095 2489 amicus
2142 2446 2353 2509 meus,
2382 2450 2447 2490 25

332 2535 478 2577 cum
551 2533 621 2576 se
694 2512 1098 2597 gravissume
1162 2512 1875 2596 vehementissumeque
1938 2513 2219 2577 iactaret
2284 2519 2356 2578 et

331 2601 550 2666 omnia
609 2600 1052 2666 inflammatus
1115 2605 1341 2686 ageret
1404 2601 1823 2665 tristissumis
1883 2601 2127 2685 verbis,
2191 2623 2358 2666 voce

331 2689 641 2770 maxima,
696 2689 964 2753 tametsi
1013 2688 1377 2772 probabam
1423 2689 1561 2753 eius
1608 2689 2072 2774 eloquentiam,
2126 2694 2361 2754 tamen

328 2798 462 2841 non
502 2776 1070 2860 pertimescebam3
1117 2777 1370 2860 aliquot
1414 2776 1588 2841 enim
1631 2777 1703 2841 in
1743 2777 1954 2842 causis
1992 2799 2141 2841 eum
2179 2778 2361 2842 vide-

331 2886 474 2929 ram
508 2863 755 2928 frustra
789 2863 1180 2948 litigantem.
1265 2864 1415 2928 Tibi
1454 2868 1692 2948 autem,
1728 2863 1951 2948 Balbe,
1988 2866 2360 2949 respondeo
2392 2891 2455 2930 so

330 2953 614 3036 primum
653 2951 968 3036 precario,
1014 2953 1266 3017 scilicet
1303 2951 1360 3016 si
1395 2952 1497 3016 fas
1536 2955 1639 3018 est
1674 2952 1930 3016 defendi
1966 2975 2005 3017 a
2040 2975 2144 3017 me
2186 2975 2362 3037 eum,

333 3040 444 3124 qui
497 3039 752 3104 nullum
807 3039 1176 3105 convivium
1228 3040 1542 3124 renuerit,
1598 3040 1711 3124 qui
1758 3040 1831 3104 in
1872 3039 2085 3105 hortis
2130 3041 2363 3126 fuerit,

333 3128 445 3211 qui
491 3130 826 3212 unguenta
872 3128 1239 3212 sumpserit,
1292 3128 1405 3211 qui
1448 3127 1645 3192 Baias
1692 3127 1938 3193 viserit.
2026 3127 2365 3213 Equidem

333 3214 576 3279 multos
633 3220 700 3278 et
753 3213 886 3278 vidi
939 3216 1010 3278 in
1061 3215 1186 3281 hac
1241 3216 1505 3281 civitate
1566 3219 1635 3280 et
1683 3215 1926 3298 audivi,
1976 3237 2111 3280 non
2156 3219 2365 3282 modo

335 3302 448 3383 qui
501 3301 898 3385 primoribus
952 3302 1157 3367 labris
1213 3307 1593 3387 gustassent
1642 3324 1846 3388 genus
1890 3304 2018 3369 hoc
2061 3305 2237 3370 vitae
2290 3309 2365 3369 et
2396 3329 2461 3369 3⁵

335 3389 658 3472 extremis,
701 3393 778 3453 ut
824 3388 1080 3473 dicitur,
1126 3390 1351 3474 digitis
1401 3391 1794 3477 attigissent,
1840 3392 1952 3456 sed
1991 3392 2103 3476 qui
2138 3396 2366 3457 totam

336 3474 843 3541 adulescentiam
907 3477 1355 3562 voluptatibus
1420 3479 1775 3564 dedissent,
1838 3479 2177 3546 emersisse
2236 3481 2367 3545 ali·

229 3099 318 3165 12

243 3189 312 3237 28

7 3757 320 3826 *A
