2550 3875
847 174 1004 230 οΑΡ.
1041 126 1196 229 4-1
1220 180 1252 241 s
1292 180 1518 230 10-15,
2066 174 2195 240 527

157 332 442 399 Martiae
487 332 801 399 Brundisi
853 334 1162 418 profusus
1214 337 1481 421 sanguis
1528 336 1812 421 eluatur,
1865 360 2025 401 num
2070 337 2201 402 elui

157 421 563 506 praedicatio
606 422 1014 487 crudelitatis
1052 424 1321 507 potest?
1394 424 1490 489 Ut
1526 425 1741 489 media
1777 430 2201 509 praeteream,

162 531 329 593 quae
385 513 679 575 vetustas
736 510 929 576 tollet
985 533 1256 595 operum
1312 512 1557 577 circum
1602 512 1929 577 Mutinam
1985 517 2202 577 taetra

159 598 584 683 monimenta,
613 598 878 663 sceleris
906 599 1150 665 indicia
1175 600 1634 683 latrociniique
1661 601 1987 686 vestigia?
2023 600 2199 665 Huic
2224 612 2288 661 13

97 704 128 745 ο
159 686 370 771 igitur
426 686 783 770 inportuno
838 690 1036 771 atque
1089 687 1326 772 inpuro
1381 688 1741 772 parricidae
1797 689 1953 771 quid
2006 690 2202 754 habe-

805 774 820 788 .
1221 778 1234 823 ,
1676 776 1689 789 .

159 775 2023 940 3315iassermffiffissmffffssffssssssssmffdQffiffssssffilffd
2066 776 2202 931 ,1ὲέ

155 972 389 1035 pacem
424 950 658 1035 facere,
693 951 808 1016 sed
845 951 1102 1016 differre
1139 952 1405 1036 bellum,
1439 974 1560 1017 nee
1590 953 1803 1017 solum
1831 974 2199 1040 propagare

156 1038 426 1123 bellum,
473 1040 587 1104 sed
635 1040 982 1105 concedere
1030 1040 1229 1104 etiam
1273 1040 1665 1106 victoriam?
1756 1040 1865 1105 An
1908 1042 2021 1105 ille
2064 1063 2202 1106 non

71 1144 130 1183 10
158 1126 413 1210 vicerit,
461 1127 520 1192 si
566 1148 972 1212 quacumque
1019 1128 1399 1193 condicione
1446 1128 1515 1192 in
1558 1129 1729 1193 hanc
1773 1131 2005 1194 urbem
2052 1151 2199 1195 cum

21 1273 26 1277 .
158 1215 297 1280 suis
340 1214 635 1281 venerit?
708 1214 933 1281 Armis
969 1237 1142 1281 nunc
1181 1217 1401 1281 omnia
1438 1220 1756 1300 tenemus,
1802 1217 2199 1282 auctoritate

157 1303 451 1369 valemus
496 1302 880 1388 plurimum,
932 1305 1173 1369 absunt
1219 1309 1325 1369 tot
1369 1304 1609 1389 perditi
1654 1306 1830 1371 cives
1874 1304 2201 1370 nefarium

159 1391 372 1457 secuti
419 1392 676 1477 ducem3
729 1395 954 1457 tamen
999 1414 1224 1457 eorum
1272 1415 1391 1457 ora
1435 1414 1924 1478 sermonesque,
1971 1393 2085 1477 qui
2130 1394 2201 1458 in

157 1480 322 1544 urbe
377 1501 457 1545 ex
502 1501 580 1545 eo
623 1501 897 1545 numero
943 1481 1159 1545 relicti
1205 1484 1387 1564 sunt,
1438 1480 1609 1545 ferre
1654 1504 1788 1546 non
1832 1502 2199 1565 possumus.

72 1580 129 1619 1⁵
163 1567 337 1645 Quid
393 1568 702 1653 censetis,
758 1590 906 1633 cum
960 1572 1066 1632 tot
1109 1591 1241 1634 uno
1290 1573 1584 1653 tempore
1630 1569 2023 1653 inruperint,
2076 1590 2198 1633 nos

159 1678 346 1721 arma
407 1656 846 1742 posuerimus,
917 1656 1019 1721 illi
1079 1678 1214 1721 non
1279 1657 1727 1741 deposuerint,
1797 1680 2013 1724 nonne
2076 1678 2199 1721 nos

159 1744 408 1810 nostris
473 1744 765 1809 consiliis
826 1744 1038 1810 victos
1101 1744 1174 1809 in
1229 1750 1620 1829 perpetuum
1675 1744 1863 1810 fore?
1964 1745 2199 1810 Ponite
2220 1758 2286 1805 14

161 1836 313 1897 ante
343 1832 568 1898 oculos
595 1832 684 1897 M.
711 1830 1075 1897 Antonium
1105 1834 1539 1898 consularem·
1526 1838 1943 1918 ,sperantem
1972 1854 2201 1899 consu-

153 1922 370 1988 latum
397 1919 674 1987 Lucium
708 1920 1073 2007 adjungite,
1109 1922 1438 2024 supplete·
1441 1925 1712 2006 ceteros,
1748 1944 1958 2006 neque
1985 1922 2200 1986 nostri

72 2025 130 2065 2⁰
161 2010 408 2076 ordinis
465 2011 707 2095 solum,
759 2011 1042 2075 honores
1095 2015 1163 2075 et
1207 2011 1486 2094 imperia
1530 1975 1940 2095 meditantis3
1990 2010 2199 2074 nolite

159 2120 243 2164 ne
281 2096 553 2164 'Hrones
593 2062 872 2184 quidem,
917 2097 1275 2183 Numisios,
1312 2097 1652 2184 Mustelas,
1692 2097 1878 2164 Seios
1916 2102 2201 2164 contem-

159 2207 333 2252 nere.
434 2185 602 2252 Cum
665 2187 748 2252 iis
802 2187 980 2253 faeta
1032 2210 1163 2272 pax
1215 2207 1352 2252 non
1407 2188 1534 2252 erit
1588 2209 1746 2288 pax,
1808 2187 1922 2252 sed
1976 2187 2198 2270 pactio

161 2275 520 2340 servitutis.
610 2273 684 2339 L.
729 2275 1016 2360 Pisonis,
1063 2275 1455 2360 amplissimi
1499 2276 1642 2360 viri,
1693 2276 2029 2359 praeclara
2072 2297 2201 2339 vox

162 2386 205 2428 a
258 2367 325 2426 te
379 2383 516 2426 non
569 2363 782 2428 solum
831 2364 902 2428 in
943 2364 1071 2428 hoc
1117 2363 1372 2446 ordine,
1425 2363 1668 2447 Pansa,
1724 2364 1839 2428 sed
1884 2364 2089 2448 etiam,
2128 2363 2201 2426 in

75 2466 132 2507 25
165 2449 472 2517 contione
527 2450 666 2515 iure
722 2451 986 2516 laudata
1041 2456 1159 2517 est.
1249 2451 1691 2517 Excessurum
1746 2473 1816 2516 se
1872 2473 1952 2516 ex
2000 2451 2201 2515 Italia

163 2538 351 2622 dixit,
388 2538 543 2602 deos
581 2539 838 2622 penatis
877 2544 944 2603 et
982 2541 1164 2604 sedes
1193 2539 1443 2623 patrias
1472 2541 1871 2623 relicturum,
1916 2540 1991 2624 si,
2028 2541 2202 2622 quod

168 2628 235 2692 di
291 2648 482 2692 omen
539 2631 935 2713 averterent,
998 2651 1138 2692 rem
1190 2629 1523 2713 publicam
1579 2628 2015 2712 oppressisset
2066 2626 2198 2691 An-

164 2715 403 2780 tonius.
475 2711 732 2789 Quaero
777 2678 985 2798 igitur
1029 2735 1070 2778 a
1107 2717 1193 2796 te,
1239 2713 1311 2778 L.
1346 2713 1522 2815 Piso,
1564 2734 1781 2778 nonne
1820 2731 2200 2796 oppressam
2223 2685 2290 2822 '175

166 2825 305 2868 rem
359 2803 690 2885 publicam
741 2805 959 2885 putes,
1014 2801 1071 2866 si
1117 2805 1222 2865 tot
1267 2805 1407 2866 tam
1452 2801 1667 2885 impii,
1720 2805 1861 2864 tam
1907 2799 2200 2881 audaces,

78 2907 136 2946 ³0
167 2895 307 2956 tam
342 2889 693 2955 facinerosi
728 2889 977 2973 recepti
1015 2889 1166 2953 sint.
1218 2888 1400 2966 Quos
1434 2889 1725 2954 nondum
1763 2887 1969 2952 tantis
1998 2886 2202 2970 parri-

167 2979 354 3045 cidiis
419 2978 903 3044 contaminatos
967 2978 1076 3042 vix
1138 2977 1538 3059 ferebamus,
1598 2977 1721 3041 hos
1784 2996 1958 3039 nunc
2023 2974 2203 3038 omni

166 3068 408 3134 scelere
453 3070 798 3150 coopertos
838 3065 1211 3130 tolerabiles
1250 3087 1476 3131 censes
1514 3064 1769 3130 civitati
1804 3062 1991 3128 fore?
2063 3062 2205 3126 Aut

166 3157 298 3222 isto
345 3158 490 3238 tuo,
542 3154 708 3220 mihi
754 3155 969 3238 crede,
1015 3154 1291 3220 consilio
1340 3155 1466 3218 erit
1511 3150 1853 3235 utendum,
1897 3154 1975 3215 ut
2022 3150 2205 3215 ceda-

165 3265 341 3328 mus,
387 3244 713 3327 abeamus,
757 3243 965 3308 vitam
1009 3242 1275 3326 inopem
1320 3246 1389 3308 et
1434 3262 1671 3326 vagam
1715 3259 2204 3324 persequamur,

81 3347 136 3388 ³⁵
167 3336 284 3397 aut
329 3331 610 3396 cervices
656 3331 1024 3396 latronibus
1071 3331 1318 3395 dandae
1365 3334 1561 3414 atque
1606 3329 1679 3393 in
1720 3328 1939 3412 patria
1980 3326 2204 3392 caden-

167 3422 324 3486 dum
368 3423 489 3484 est.
561 3419 696 3484 Ubi
741 3423 916 3502 sunt,
960 3417 1030 3486 O.
1067 3419 1303 3502 Pansa,
1348 3419 1499 3482 illae
1542 3416 2027 3482 cohortationes
2065 3415 2203 3498 pul·

167 3507 526 3575 cherrimae
553 3512 725 3593 tuae,
755 3509 990 3594 quibus
1020 3529 1059 3574 a
1085 3511 1153 3572 te
1183 3507 1507 3573 excitatus
1538 3508 1821 3583 senatus,
1848 3504 2204 3569 inflamma·
2240 3585 2247 3592 ,
