2550 3875
374 173 511 238 240
905 170 1048 226 PRO
1089 170 1202 226 CN.
1241 170 1557 227 PLANCIO
1597 170 1885 227 ORATIO.

372 357 509 401 non
544 334 859 400 iudicium
897 334 1162 418 aliquod
1197 334 1509 400 habuisse
1542 334 1621 398 de
1648 333 1943 399 utilitate
1971 333 2067 399 rei
2094 333 2426 418 publicae,

285 436 358 485 94
377 424 491 489 sed
527 423 906 489 hominibus
945 422 1229 487 amicum
1267 426 1383 487 aut
1418 422 1760 487 inimicum
1795 422 2047 487 fuisse:
2103 421 2233 506 An,
2271 444 2423 487 cum

372 512 631 578 videam
665 532 903 576 navem
939 509 1239 576 secundis
1277 510 1494 576 ventis
1532 532 1798 576 cursum
1834 512 2170 574 tenentem
2208 532 2427 593 suum,

375 601 434 664 si
487 622 622 666 non
675 620 826 664 eum
870 602 1058 683 petat
1101 603 1397 683 portum,
1454 620 1650 682 quem
1696 619 1819 684 ego
1868 598 2223 682 aliquando
2270 620 2425 682 pro-

374 687 554 772 bavi,
600 687 713 752 sed
760 687 963 752 alium
1005 708 1141 752 non
1186 687 1403 751 minus
1450 690 1672 752 tutum
1718 690 1917 770 atque
1964 686 2422 770 tranquillum,
2477 711 2501 750 ⁵

374 797 526 841 cum
579 779 976 859 tempestate
1029 795 1319 860 pugnem
1373 776 1739 860 periculose
1784 775 2008 860 potius
2048 795 2249 859 quam
2294 775 2420 856 illi,

376 864 588 928 salute
634 864 1023 948 praesertim
1068 863 1441 948 proposita,
1486 865 1936 948 obtemperem
1985 865 2053 928 et
2098 863 2423 947 paream?

373 951 522 1038 Ego
578 973 732 1017 vero
788 951 952 1017 haec
1006 951 1230 1036 didici,
1293 951 1455 1017 haec
1509 952 1671 1035 vidi,
1730 951 1895 1017 haec
1951 950 2200 1035 scripta
2252 950 2424 1036 legi3

372 1040 537 1106 haec
592 1040 669 1104 de
725 1039 1231 1124 sapientissimis
1291 1043 1359 1105 et
1416 1039 1799 1105 clarissimis
1854 1039 2014 1104 viris
2062 1043 2131 1104 et
2175 1039 2248 1104 in
2292 1039 2424 1104 hac

373 1151 444 1194 re
498 1128 764 1213 publica
819 1131 887 1193 et
931 1127 1003 1192 in
1047 1128 1196 1192 aliis
1245 1127 1625 1194 civitatibus
1672 1127 2077 1193 monimenta
2121 1127 2319 1192 nobis
2366 1133 2430 1191 et
2456 1154 2503 1192 10

372 1217 637 1282 litterae
681 1216 1128 1301 prodiderunt,
1164 1237 1301 1281 non
1338 1237 1594 1301 semper
1631 1216 1896 1281 easdem
1931 1215 2293 1280 sententias
2334 1216 2421 1280 ab

374 1305 636 1390 eisdem,
675 1304 806 1389 sed,
850 1326 1292 1388 quascumque
1330 1305 1427 1369 rei
1462 1305 1763 1389 publicae
1802 1308 2034 1388 status,
2071 1303 2421 1368 inclinatio

374 1398 778 1478 temporum,
822 1393 996 1456 ratio
1045 1392 1428 1458 concordiae
1472 1393 1860 1477 postularet,
1906 1414 2049 1457 esse
2096 1391 2423 1457 defensas.

375 1481 564 1558 Quod
602 1502 725 1567 ego
765 1485 833 1545 et
867 1480 1058 1563 facio,
1103 1479 1501 1565 Laterensis,
1546 1485 1615 1546 et
1652 1503 1909 1564 semper
1945 1480 2185 1545 faciam
2219 1479 2426 1544 liber-

373 1572 739 1653 tatemque,
795 1590 993 1653 quam
1039 1573 1116 1634 tu
1160 1569 1232 1634 in
1276 1591 1381 1634 me
1427 1569 1708 1653 requiris
1718 1620 1736 1654 ,
1789 1590 1987 1652 quam
2034 1589 2156 1654 ego
2202 1589 2428 1652 neque·
2452 1593 2499 1632 15

372 1657 595 1722 dimisi
657 1679 972 1741 umquam
1023 1678 1244 1741 ¹neque
1302 1658 1663 1742 dimittam,
1723 1680 1858 1722 non
1911 1657 1983 1722 in
2034 1656 2422 1741 pertinacia,

265 1791 354 1854 40
381 1745 495 1809 sed
539 1745 612 1809 in
658 1746 939 1848 quadam
987 1745 1436 1847 moderatione
1481 1747 1771 1847 positam
1814 1746 2107 1846 putabo..
2186 1833 2200 1846 ⁸

285 1880 356 1929 ⁹⁵
374 1832 730 1988 mallim&
741 1856 932 1987 {¹¹3⁰
943 1833 1254 1987 5:213&
1293 1838 1961 1989 ἱξῗιξῑῗᾚῑοᾞθὲἓέ
1972 1833 2421 2008 Ῠιῖιὲᾑὲτῖἓέ

371 2010 585 2077 facere
642 2032 677 2076 e
734 2011 956 2076 cloaca
1008 2010 1422 2097 lapidemque
1474 2034 1509 2076 e
1557 2011 1903 2096 sepulchro
1949 2011 2249 2076 venerari
2293 2034 2418 2095 pro
2448 2036 2498 2075 2⁰

373 2098 522 2185 de03
583 2121 795 2182 neque
859 2099 1036 2164 enim
1099 2099 1263 2163 mihi
1327 2099 1714 2166 insidiarum
1776 2100 2142 2184 periculum
2206 2100 2421 2164 ullum

370 2209 581 2271 neque
646 2187 880 2252 mortis
944 2187 1166 2253 fuisse.
1268 2186 1469 2254 Cuius
1537 2210 1659 2275 ego
1715 2188 2032 2272 temporis
2087 2188 2421 2253 rationem

373 2275 713 2359 explicabo
777 2275 964 2339 brevi
1024 2298 1235 2360 neque
1300 2276 1565 2342 invitus.
1674 2275 1864 2341 Nihil
1928 2276 2103 2341 enim
2169 2280 2273 2341 est
2340 2298 2421 2341 ex

374 2363 536 2427 meis
601 2363 1038 2448 temporibus,
1104 2365 1278 2448 quod
1343 2365 1559 2429 minus
1618 2368 2055 2450 pervagatum
2110 2364 2418 2449 quodque

374 2451 589 2516 minus
647 2455 762 2516 aut
816 2473 963 2516 mea
1018 2453 1638 2518 commemoratione
1692 2453 2097 2518 celebratum
2152 2453 2245 2517 sit
2302 2457 2418 2517 aut
2444 2476 2496 2517 25

370 2538 749 2604 hominibus
807 2540 1104 2605 auditum
1159 2544 1356 2625 atque
1409 2545 1661 2606 notum.
1758 2540 1907 2627 Ego
1962 2541 2162 2625 enim,
2224 2539 2419 2606 Late·

371 2627 602 2712 rensis,
648 2650 729 2693 ex
765 2627 882 2693 illo
920 2628 1218 2694 incendio
1256 2631 1497 2715 legum,
1542 2629 1723 2714 iuris,
1766 2632 2051 2714 senatus,
2087 2630 2419 2694 bonorum

372 2716 666 2780 omnium
739 2716 998 2801 cedens,
1073 2738 1222 2782 cum
1295 2739 1441 2782 mea
1512 2717 1744 2783 domus
1819 2718 2049 2783 ardore
2124 2739 2245 2783 suo
2313 2718 2418 2783 de·

371 2804 834 2890 flagrationem
895 2804 1046 2870 urbi
1102 2809 1301 2889 atque
1355 2804 1591 2870 Italiae
1646 2806 1775 2871 toti
1830 2806 2220 2890 minaretur,
2285 2806 2417 2871 nisi

373 2892 794 2977 quievissem,
852 2891 1147 2958 Siciliam
1195 2893 1402 2978 petivi
1448 2894 1694 2978 animo,
1750 2915 1915 2978 quae
1963 2897 2032 2959 et
2075 2894 2225 2977 ipsa
2273 2899 2416 2959 erat
2440 2918 2493 2957 ao

371 2980 536 3045 mihi
611 2981 783 3047 sicut
846 2981 1078 3046 domus
1142 3004 1275 3046 una
1339 2983 1687 3048 coniuncta
1751 2986 1819 3046 et
1884 2982 2315 3067 optinebatur
2376 3005 2417 3048 a

372 3066 443 3133 O.
473 3068 790 3154 Vergilio,
829 3090 1111 3152 quocum
1148 3091 1251 3134 me
1288 3092 1419 3136 uno
1457 3070 1563 3135 vel
1599 3071 1881 3135 maxime
1919 3091 2069 3136 cum
2096 3075 2414 3155 vetustaS,

372 3159 518 3219 tum
571 3156 893 3242 amicitia,
948 3179 1097 3221 cum
1152 3157 1285 3221 mei
1333 3158 1560 3223 fratris
1607 3159 1911 3245 collegia,
1964 3163 2109 3224 tum
2155 3159 2255 3223 rei
2300 3182 2415 3243 pu-

283 3254 352 3303 96
376 3242 582 3308 blicae
630 3266 828 3309 causa
864 3244 1163 3310 sociarat.
1237 3244 1406 3311 Vide
1441 3269 1615 3312 nunc
1654 3247 2001 3332 caliginem
2037 3251 2414 3331 temporum

371 3329 654 3395 illorum.
748 3332 916 3398 Cum
977 3332 1124 3416 ipsa
1185 3354 1389 3416 paene
1448 3335 1665 3399 insula
1728 3335 1892 3399 mihi
1948 3357 2090 3401 sese
2148 3336 2412 3400 obviam
2438 3358 2486 3397 35

373 3417 542 3481 ferre
579 3419 794 3503 vellet,
831 3424 1099 3503 praetor
1134 3418 1247 3484 ille
1282 3422 1568 3486 eiusdem
1596 3423 1847 3489 tribuni
1874 3424 1962 3508 pl.
1992 3424 2411 3489 contionibus

374 3508 648 3587 propter
709 3507 981 3572 eandem
1043 3508 1140 3571 rei
1203 3509 1504 3592 publicae
1565 3532 1832 3576 causam
1888 3534 2081 3595 saepe
2135 3517 2410 3577 vexatus
