2550 3875
377 108 471 176 40
964 106 1107 163 PRO
1143 107 1204 163 P.
1244 106 1490 165 SESTIO
1530 106 1818 164 ORATIO.

378 269 921 356 profligatissimo
982 269 1235 335 homini
1299 271 1484 336 daret
1551 293 1636 336 an
1701 292 1964 337 causam
2031 269 2412 353 susceptam
2497 284 2499 287 ⁴

384 359 671 423 abiceret
752 381 837 424 an
908 380 977 424 se
1051 359 1226 424 domi
1301 358 1709 424 contineret?
1818 358 1911 423 Et
1977 358 2148 423 vinci
2212 362 2415 441 turpe

382 446 642 531 putavit
696 450 765 511 et
818 446 1131 511 deterreri
1176 451 1243 511 et
1289 447 1522 531 latere3
1575 446 1876 531 perfecit,
1931 451 2038 529 ut,
2092 445 2412 530 quoniam
2499 453 2501 495 ¹

385 534 515 599 sibi
558 534 630 598 in
674 533 860 599 illum
905 534 1162 635 legibus
1207 535 1310 599 uti
1348 557 1483 601 non
1516 535 1760 618 liceret,
1804 534 1984 599 illius
2019 497 2160 598 ²vim
2192 555 2411 617 neque

383 622 457 687 in
510 644 627 686 suo
682 643 891 706 neque
944 622 1015 686 in
1067 622 1161 686 rei
1209 623 1512 707 publicae
1555 622 1847 707 periculo
1892 622 2414 722 pertimesceret,
2439 640 2472 683 5

518 709 662 786 Quo
706 711 899 776 modo
936 710 1143 796 igitur
1177 711 1359 775 hoc
1339 733 1411 775 m
1446 732 1682 797 genere
1717 710 2027 795 praesidii
2063 710 2414 810 conparati

386 819 651 863 accusas
692 796 996 882 Sestium,
1034 820 1181 863 cum
1216 798 1391 863 idem
1426 799 1649 864 laudes
1686 798 2044 863 Milonem?
2127 799 2257 881 An,
2293 798 2414 881 qui

386 906 505 951 sua
538 890 715 951 tecta
751 886 1054 987 defendit,
1101 887 1214 970 qui
1246 888 1332 954 ab
1373 888 1524 971 aris,
1562 887 1729 953 focis
1764 887 2010 952 ferrum
2045 886 2415 951 flammam-

386 996 509 1059 que
556 974 841 1059 depellit,
886 974 999 1075 qui
1044 974 1172 1039 sibi
1216 974 1413 1040 licere
1459 975 1600 1039 volt
1646 978 1793 1040 tuto
1839 996 1980 1040 esse
2017 975 2088 1040 in
2122 974 2290 1057 fore,
2338 974 2416 1038 in

385 1063 659 1147 temple,
704 1062 775 1127 in
819 1062 1023 1145 curia,
1067 1063 1205 1127 iure
1249 1063 1646 1147 praesidium
1691 1067 2056 1147 comparat3
2109 1062 2225 1146 qui
2271 1062 2417 1127 vul·
2445 1084 2503 1123 ιο

382 1151 667 1235 neribuS,
715 1171 878 1235 quae
920 1150 1127 1215 cernit
1166 1150 1404 1215 cotidie
1441 1155 1586 1215 toto
1626 1172 1916 1235 corpore,
1959 1155 2284 1234 monetur,
2330 1155 2416 1214 ut

384 1238 605 1324 aliquo
642 1238 967 1323 praesidio
1006 1242 1203 1323 caput
1240 1242 1308 1302 et
1344 1239 1624 1304 cervices
1663 1243 1731 1304 et
1761 1239 2060 1325 iugulum
2087 1260 2166 1304 ac
2192 1238 2416 1302 latera

292 1339 362 1389 91
384 1330 664 1411 tutetur,
716 1328 891 1393 hune
943 1327 1021 1391 de
1076 1326 1141 1390 vi
1197 1327 1629 1391 accusandum
1677 1327 1916 1411 putas?
2017 1325 2180 1403 Quis
2229 1327 2416 1391 enim

381 1420 710 1498 nostrum,
765 1415 1036 1497 iudiceS,
1091 1414 1356 1499 ignorat
1401 1415 1498 1479 ita
1539 1419 1844 1479 naturam
1887 1436 2106 1479 rerum
2153 1413 2416 1497 tulisse,

381 1507 459 1567 ut
514 1504 795 1587 quodam
845 1506 1139 1586 tempore
1183 1503 1482 1567 homines
1526 1504 1815 1570 nondum
1857 1524 2068 1587 neque
2111 1466 2416 1567 naturali
2443 1522 2507 1571 ιε,

380 1612 591 1685 neque
644 1590 821 1655 civili
864 1590 1005 1653 iure
1053 1590 1380 1674 descripto
1423 1591 1555 1655 fusi
1599 1613 1718 1675 per
1764 1612 1958 1677 agros
2005 1612 2080 1655 ac
2125 1591 2416 1675 dispersi

382 1672 778 1762 vagarentur
840 1681 1226 1762 tantumque
1289 1679 1633 1764 haberent,
1697 1683 2016 1763 quantum
2073 1701 2276 1743 manu
2333 1702 2418 1745 ac

383 1765 633 1830 viribus
688 1788 805 1849 per
858 1766 1119 1830 caedem
1174 1788 1248 1831 ac
1304 1767 1574 1831 vulnera
1629 1772 1743 1833 aut
1794 1768 2040 1851 eripere
2087 1771 2205 1831 aut
2251 1768 2416 1831 reti·

379 1874 535 1918 nere
579 1854 994 1938 potuissent?
1087 1854 1214 1930 Qui
1258 1853 1467 1940 igitur
1506 1854 1703 1941 primi
1740 1856 1984 1920 virtute
2021 1859 2089 1920 et
2127 1855 2412 1921 consilio

381 1943 745 2027 praestanti
808 1943 1193 2027 extiterunt,
1260 1943 1311 2008 ii
1372 1949 1714 2028 perspecto
1780 1965 2013 2030 genere
2075 1943 2412 2009 humanae
2441 1967 2500 2006 20

383 2030 742 2096 docilitatis
807 2035 1004 2115 atque
1066 2031 1316 2116 ingenii
1375 2032 1748 2116 dissupatos
1803 2054 2005 2098 unum
2059 2033 2130 2097 in
2182 2032 2414 2098 locum

384 2123 866 2205 congregarunt
920 2140 1158 2203 eosque
1214 2141 1295 2184 ex
1341 2120 1736 2202 [echeritate
1780 2120 1899 2185 illa
1943 2121 2025 2185 ad
2070 2121 2413 2186 iustitiam

385 2211 581 2291 atque
628 2207 708 2271 ad
754 2207 1316 2272 mansuetudinem
1357 2209 1880 2274 transduxerunt.
1969 2208 2138 2272 Tum
2177 2231 2285 2275 res
2323 2211 2416 2274 ad

383 2316 793 2360 communem
837 2295 1209 2379 utilitatem,
1256 2317 1417 2380 quas
1453 2297 1748 2381 publicas
1788 2296 2214 2381 appellamus,
2261 2302 2414 2362 tum

386 2381 833 2447 conventicula
877 2383 1231 2467 hominum,
1279 2405 1444 2467 quae
1489 2389 1721 2469 postea
1767 2385 2067 2450 civitates
2106 2385 2412 2450 nomina-
2439 2408 2498 2449 2⁵

384 2474 491 2534 tae
530 2473 701 2554 sunt,
737 2475 881 2535 tum
918 2471 1249 2536 domicilia
1286 2472 1650 2556 coniuncta,
1689 2495 1851 2558 quas
1883 2474 2078 2538 urbes
2106 2473 2414 2557 dicimuS,

384 2558 647 2622 invento
686 2563 753 2623 et
790 2559 1006 2623 divino
1045 2559 1183 2624 iure
1222 2564 1290 2624 et
1316 2559 1602 2626 humano
1631 2560 1970 2626 moenibus
2001 2567 2414 2645 saepserunt.

286 2664 361 2713 92
382 2646 603 2730 Atque
638 2645 810 2710 inter
835 2646 1003 2711 hanc
1033 2647 1237 2711 vitam
1263 2649 1657 2732 perpolitam
1685 2650 2094 2715 humanitate
2123 2653 2192 2713 et
2218 2649 2416 2715 illam

381 2735 734 2800 immanem
768 2735 936 2799 nihil
972 2740 1111 2799 tam
1146 2736 1423 2801 interest
1463 2757 1658 2819 quam
1694 2738 1796 2801 ius
1835 2742 2031 2821 atque
2070 2737 2190 2802 vis.
2270 2737 2414 2803 Ho-

382 2845 529 2888 rum
562 2827 715 2887 utro
750 2823 852 2887 uti
887 2823 1210 2907 nolumuS,
1247 2826 1455 2888 altero
1493 2829 1596 2888 est
1630 2826 1962 2891 utendum.
2034 2825 2193 2890 Vim
2224 2827 2413 2892 volu·
2441 2849 2500 2888 ao

383 2933 527 2975 mus
583 2911 903 2996 extingui3
956 2911 1059 2975 ius
1116 2875 1330 2975 valeat
1383 2933 1647 2978 necesse
1693 2918 1820 2997 est,
1873 2913 1941 2978 id
1987 2918 2089 2978 est
2142 2913 2413 2999 iudicia,

384 3000 619 3083 quibus
685 3021 874 3063 omne
932 2998 1035 3062 ius
1092 2999 1480 3064 continetur.
1578 2999 1828 3066 Iudicia
1882 3001 2231 3086 displicent
2289 3012 2412 3069 aut

381 3087 564 3151 nulla
622 3091 802 3171 sunt3
865 3087 964 3151 vis
1020 3087 1391 3152 dominetur
1444 3110 1706 3154 necesse
1761 3093 1880 3154 est.
1976 3087 2123 3155 Hoc
2178 3090 2413 3158 vident

386 3196 635 3258 omnes;
680 3137 841 3239 Mil'o
890 3179 957 3239 et
1000 3175 1166 3240 vidit
1212 3180 1279 3240 et
1323 3176 1501 3262 fecit,
1544 3182 1620 3241 ut
1661 3178 1762 3243 ius
1801 3178 2220 3262 experiretur,
2267 3182 2412 3246 vim

382 3225 753 3345 depelleret.
842 3262 1075 3327 Altero
1120 3264 1221 3327 uti
1256 3264 1485 3349 voluit,
1529 3269 1605 3329 ut
1641 3266 1852 3330 virtus
1891 3265 2230 3331 audaciam
2267 3271 2412 3334 vin-
2441 3290 2496 3330 ss

384 3353 585 3432 ceret3
630 3350 838 3414 altero
874 3372 1032 3414 usus
1067 3351 1433 3416 necessario
1477 3357 1597 3436 est,
1640 3376 1724 3419 ne
1761 3354 1972 3418 virtus
2009 3355 2091 3418 ab
2131 3357 2413 3424 audacia

383 3435 767 3500 vinceretur.
864 3437 1239 3523 Eademque
1304 3438 1475 3504 ratio
1539 3440 1668 3505 fuit
1721 3439 1893 3507 Sesti
1949 3442 2005 3506 si
2060 3441 2278 3510 minus
2335 3447 2412 3512 in

264 677 366 741 42

294 766 365 817 90
