2550 3875
813 164 969 220 CAP.
1007 170 1219 221 26-28
1257 171 1288 231 ὅ
1326 170 1555 221 57-61.
2104 166 2189 231 27

168 327 534 410 societatis,
589 327 765 411 quod
819 326 1019 391 armis
1073 327 1381 411 violarat,
1436 328 1504 392 id
1549 328 1853 412 precibus
1899 330 2002 393 est
2047 350 2196 395 eon·-

168 419 463 497 seeutus;
510 414 623 479 ille
670 413 949 499 Cyprius
996 414 1212 499 miser,
1258 415 1372 499 qui
1419 437 1675 500 semper
1719 416 1986 501 amicus,
2031 438 2196 483 sem-

166 526 285 588 per
330 504 547 569 soeius
591 502 738 585 fuit,
784 503 862 571 de
910 524 1039 586 quo
1080 503 1263 568 113113
1297 525 1610 587 umquam
1648 504 1933 588 suspicio
1971 503 2196 571 durior

168 596 285 656 aut
330 592 415 655 ad
460 594 759 655 sena-tum
799 595 914 654 aut
950 592 1031 655 ad
1068 591 1498 675 imperatores
1536 592 1740 657 allata
1771 594 2037 657 nostros
2073 595 2196 675 est,

116 698 140 736 ὁ
166 680 383 764 vivus,
436 682 514 743 ut
568 678 778 762 aiunt,
833 682 935 743 est
988 682 1055 743 et
1109 679 1334 744 videns
1389 701 1538 747 eum
1591 680 1772 747 vietu
1827 701 1904 745 ae
1948 680 2196 744 vestitu

166 790 288 833 suo
343 766 736 851 publicatus.
817 765 972 849 Em,
1027 788 1143 831 eur
1202 766 1403 835 ceteri
1459 788 1644 852 reges
1701 768 2008 835 stabilem
2053 789 2195 833 esse

164 877 357 921 suam
418 854 753 921 fortunam
816 855 1243 938 arbitrentur,
1309 876 1458 921 eum
1518 855 1646 921 hoe
1707 856 1886 921 illius
1948 855 2195 923 funesti

165 943 324 1010 anni
377 942 641 1026 prodito
697 943 992 1026 exemplo
1052 943 1318 1027 videant
1361 964 1479 1027 per
1523 944 1864 1010 tribunum
1909 943 2195 1027 aliquem

164 1036 236 1095 et
283 1034 615 1097 sescentas
663 1051 894 1114 operas
932 1051 1002 1095 se
1037 1030 1323 1096 fortunis
1363 1030 1634 1114 spoliari
1670 1035 1738 1095 et
1774 1051 1977 1116 regno
2016 1031 2194 1098 omni

90 1139 141 1178 ιο
164 1140 367 1204 posse
410 1117 669 1185 nudari!

300 1206 397 1271 At
436 1206 637 1271 etiam
674 1228 751 1271 eo
786 1205 1057 1307 negotio
1093 1205 1183 1275 M.
1220 1205 1494 1274 Catonis
1533 1206 1946 1292 splendorem
1981 1228 2194 1273 maeu-

159 1296 303 1361 1313
359 1294 705 1361 voluerunt
750 1294 991 1379 ignari,
1045 1293 1205 1377 quid
1297 1295 1571 1379 ravitas,
1627 1295 1784 1379 quid
1826 1294 2195 1379 integritas,

159 1384 327 1468 quid
383 1382 769 1483 magnitudo
825 1382 1053 1466 animi,
1120 1315 1294 1466 quit}
1331 1383 1607 1467 denique
1662 1382 1874 1449 virtus
1928 1382 2196 1467 valeret,

161 1493 337 1555 quae
383 1470 455 1535 in
497 1473 891 1553 tempestate
939 1491 1133 1535 saeva
1179 1470 1404 1553 quieta
1449 1474 1553 1537 est
1597 1474 1665 1535 et
1699 1469 1929 1537 lueet
1910 1493 1982 1537 m
2016 1474 2194 1535 tene-

83 1581 133 1621 15
160 1560 309 1625 bris
346 1562 417 1623 et
451 1558 642 1643 pulsa
675 1558 822 1624 loeo
860 1561 1083 1623 manet
1119 1562 1342 1625 tamen
1377 1563 1574 1644 atque
1609 1558 1892 1625 haeret
1873 1580 1945 1623 ιιι
1978 1558 2198 1643 patria

160 1646 595 1733 splendetque
656 1666 777 1730 per
828 1667 967 1711 sese
1024 1668 1281 1732 semper
1331 1668 1544 1731 neque
1599 1646 1827 1713 alienis
1881 1667 2196 1729 umquam

158 1735 472 1803 sordibus
520 1734 893 1800 obsolescit.
973 1732 1129 1799 Non
1170 1734 1273 1801 illi
1318 1735 1680 1802 ornandum
1725 1733 1813 1801 M.
1855 1732 2195 1817 Catonem,

160 1824 283 1889 sed
318 1822 759 1908 relegandum,
793 1843 915 1889 nee
946 1822 1045 1887 illi
1075 1823 1618 1888 committendum
1644 1822 1807 1887 illud
1833 1822 2195 1907 negotium,

158 1912 281 1978 sed
338 1910 781 1996 inponendum
835 1914 1259 1996 putaverunt,
1325 1910 1437 1995 qui
1490 1910 1562 1975 in
1615 1910 1918 1977 contione
1972 1910 2194 1995 palam

76 2024 130 2064 ιο
157 2000 450 2066 dixerint
492 1999 789 2084 linguam
834 2020 905 2064 se
950 1999 1247 2066 evellisse
1292 1998 1381 2066 M.
1423 1998 1680 2083 Catoni,
1726 2021 1892 2084 quae
1937 2019 2196 2083 semper

156 2092 399 2156 eontra.
449 2087 995 2152 extraordinarias
1040 2091 1407 2174 potestates
1453 2087 1660 2152 libera
1703 2087 1956 2154 fuisset.
2041 2085 2194 2151 Sen-

156 2178 357 2260 tient,
390 2179 481 2240 ut·
505 2197 715 2259 spero,
750 2175 934 2240 brevi
970 2179 1267 2259 tempore
1303 2196 1564 2240 manere
1600 2175 1977 2240 libertatem
2008 2175 2196 2242 illam

156 2270 366 2348 atque
406 2263 533 2328 hoe
570 2263 789 2347 etiam,
834 2263 893 2328 si
928 2263 1072 2330 fieri
1106 2263 1418 2346 potuerit,
1461 2284 1604 2328 esse
1643 2263 1974 2346 maiorem,
2021 2263 2197 2347 quod

157 2375 317 2420 eum
373 2351 751 2418 consulib-us
796 2350 929 2416 illis
977 2349 1066 2416 Μ.
1103 2349 1299 2433 Cato,
1355 2351 1556 2417 etiam
1602 2372 1750 2416 eum
1795 2351 1930 2415 iam
1975 2351 2196 2434 despe-

73 2463 129 2504 25
156 2444 383 2506 rasset
420 2439 669 2522 aliquid
705 2438 1099 2504 auctoritate
1136 2461 1256 2504 sua
1282 2439 1513 2523 profici
1539 2460 1752 2522 posse,
1788 2441 2011 2505 tamen
2038 2460 2195 2504 voce

154 2531 313 2614 ipsa
368 2548 445 2592 ae
498 2526 723 2592 dolore
767 2527 1087 2612 pugnavit
1132 2531 1200 2591 et
1243 2531 1398 2611 post
1443 2548 1661 2594 meum
1706 2526 2066 2592 discessum
2110 2526 2194 2592 iis

154 2617 477 2682 Pisonem
539 2613 757 2680 verbis
820 2614 985 2681 flens
1049 2635 1267 2682 meum
1333 2619 1400 2684 et
1463 2615 1560 2678 rei
1612 2615 1913 2698 publicae
1969 2636 2195 2680 casum

155 2703 456 2786 vexavit,
517 2707 595 2770 ut
647 2701 837 2768 illum
888 2702 1223 2768 hominem
1276 2703 1794 2786 perditissimum
1849 2706 2048 2786 atque
2100 2702 2196 2767 in-

154 2790 717 2891 pudentissimum
762 2811 965 2874 paene
1008 2791 1142 2856 iam
1187 2791 1560 2876 provinciae
1605 2791 1987 2874 paeniteret.
2061 2789 2196 2856 Our
2214 2810 2284 2860 61

72 2903 130 2944 so
157 2881 377 2966 igitur
422 2878 757 2964 rogationi
798 2878 1066 2979 paruit?
1150 2879 1354 2955 Quasi
1398 2900 1554 2944 vero
1597 2879 1710 2942 ille
1754 2900 1890 2944 non
1923 2877 1996 2944 ιιι
2031 2877 2196 2946 alias

160 2989 431 3053 quoque
474 2967 675 3052 leges,
723 2988 885 3049 quas
932 2966 1175 3034 iniuste
1219 2971 1489 3068 rogatas
1534 2970 1818 3050 putaret,
1861 2966 1997 3030 iam
2042 2968 2196 3030 ante

158 3056 433 3122 iurarit!
506 3052 661 3121 Non
697 3054 890 3119 offert
926 3076 997 3121 se
1032 3055 1143 3120 ille
1180 3055 1332 3122 istis
1369 3054 1875 3137 temeritatibus,
1914 3057 2009 3138 ut,
2047 3074 2198 3120 eum

158 3145 265 3208 rei
310 3142 610 3228 publicae
654 3142 821 3206 nihil
866 3142 1096 3228 prosit,
1144 3165 1212 3207 se
1260 3143 1387 3207 civi
1423 3165 1562 3208 rem
1598 3141 1929 3225 publicam
1963 3141 2196 3224 privet.
2258 3215 2262 3222 Α

161 3231 457 3302 Consule
521 3251 625 3300 me
680 3253 829 3296 eum
882 3234 1058 3298 esset
1114 3231 1494 3316 designatus
1550 3230 1852 3296 tribunus
1906 3229 2023 3313 pL,
2086 3230 2198 3294 ob-

66 3343 129 3388 35
160 3319 331 3421 tulit
374 3319 447 3386 13
492 3314 840 3386 disorimen
883 3318 1090 3386 vitam
1136 3341 1350 3404 suam3
1395 3318 1564 3384 dixit
1603 3339 1748 3384 eam
1785 3317 2198 3400 sententiam,

162 3407 357 3476 euius
402 3406 717 3474 invidiam
762 3406 998 3490 eapitis
1038 3406 1328 3508 periculo
1367 3406 1496 3472 sibi
1531 3405 1994 3490 praestandam
2029 3406 2200 3471 vide-

162 3497 321 3581 bat3
374 3495 542 3562 dixit
594 3493 1037 3580 vehementer,
1090 3495 1232 3582 egit
1287 3494 1550 3578 acriter,
1604 3515 1708 3578 ea,
1764 3515 1928 3577 quae
1973 3493 2200 3575 sensit,

2213 1174 2302 1240 28

2213 1264 2285 1315 eo
