2550 3875
625 637 721 710 M.
778 635 1066 710 TULLI
1120 635 1623 710 CICERONIS

115 837 226 919 IN
295 836 401 922 M.
473 835 1029 921 ANTONIUM
1093 835 1477 926 ORATIO
1544 837 2151 924 PHILIPPICA

981 993 1291 1080 NONA.

842 1323 1427 1386 ARGUMENTUM.

255 1493 604 1562 Quamquam
654 1492 997 1547 sententiam
1051 1509 1176 1547 eam
1190 1536 1204 1562 ,
1259 1511 1430 1562 quam
1483 1495 1558 1549 M.
1614 1491 1808 1550 Cicero
1865 1495 2155 1564 superiore

112 1562 368 1618 oratione
425 1563 868 1630 commendavit,
925 1566 1154 1618 senatus
1210 1563 1271 1617 in
1328 1564 1678 1620 decernendo
1737 1567 1963 1620 secutus
2010 1567 2153 1634 erat,

111 1637 305 1689 tamen
351 1634 424 1690 M.
476 1635 690 1689 Antoni
745 1633 963 1688 inimici
1009 1637 1178 1702 atque
1225 1633 1537 1690 adversarii
1582 1635 1833 1689 nondum
1880 1635 1942 1689 id
1988 1637 2156 1690 erant

113 1705 428 1773 consecuti,
485 1705 636 1775 quod
693 1704 937 1758 maxime
988 1705 1355 1775 spectabant,
1408 1708 1475 1759 ut
1518 1705 1592 1761 M.
1622 1706 1923 1761 -Antonius
1968 1706 2151 1762 hostis

152 1777 336 1831 atriae
381 1775 742 1831 iudicaretur.
817 1775 995 1841 Quam
1041 1776 1116 1831 ob
1162 1792 1278 1830 rem
1326 1792 1455 1829 cum
1501 1775 1558 1832 C.
1603 1775 1791 1831 Pansa
1836 1777 2034 1831 consul
2080 1779 2151 1832 de

109 1795 324 1901 {onore
363 1846 478 1902 Ser.
519 1845 752 1916 Sulpici,
792 1845 890 1915 qui
928 1862 1054 1900 cum
1089 1846 1148 1900 L.
1185 1845 1454 1916 Philippo
1494 1849 1553 1902 et
1588 1845 1651 1902 L.
1688 1846 1895 1902 Pisone
1932 1847 2006 1902 ad
2033 1848 2157 1902 An-

109 1918 333 1972 tonium
369 1916 604 1984 missus,
649 1917 978 1988 priusquam
1017 1917 1291 1989 mandata
1328 1919 1558 1973 senatus
1596 1923 1924 1987 exponeret,
1972 1934 2151 1989 prope

107 1991 300 2043 castra
335 1988 408 2043 M.
439 1987 654 2044 Antoni
699 1990 824 2043 erat
858 1990 1130 2059 mortuus,
1167 1988 1228 2042 in
1265 1991 1468 2043 senatu
1504 1988 1741 2043 referret
1777 1992 1835 2044 et
1871 2006 2000 2043 eum
2036 2006 2153 2045 non

107 2059 295 2114 solum
342 2060 626 2129 sepulcr0,
673 2076 869 2113 verum
914 2059 1086 2115 etiam
1134 2061 1327 2114 statua
1361 2058 1589 2129 publice
1626 2058 1919 2115 honestari
1956 2058 2151 2129 vellet,

106 2130 260 2199 quod
296 2132 364 2184 ut
399 2131 635 2185 referret
670 2130 911 2185 fortasse
950 2147 986 2183 a
1013 2130 1085 2185 M.
1119 2130 1387 2185 Cicerone
1430 2130 1659 2199 eiusque
1696 2129 2151 2185 adsectatoribus

104 2203 412 2269 propterea.
447 2200 752 2271 instigatus
790 2202 937 2267 erat,
976 2202 1128 2269 quod
1162 2201 1343 2256 honos
1382 2202 1605 2255 statuae
1642 2218 1757 2255 non
1792 2200 2155 2257 tribuebatur

105 2272 220 2323 nisi
249 2271 460 2353 legatis
487 2271 699 2327 iniuria
727 2270 922 2339 caesis,
961 2271 1022 2327 P.
1053 2271 1324 2326 Servilius
1354 2271 1573 2326 consuli
1599 2272 1668 2327 de
1699 2273 1892 2327 statua
1919 2272 2151 2341 quidem

107 2340 549 2396 adsentiendum
602 2361 716 2398 non
772 2340 1016 2409 censuit,
1073 2358 1145 2396 ne
1199 2358 1347 2397 nova
1392 2340 1467 2397 M.
1515 2340 1767 2397 Antonio
1813 2341 2031 2397 invidia
2079 2343 2153 2398 de

105 2412 291 2466 morte
323 2412 436 2467 Ser.
471 2412 684 2483 Sulpici
722 2412 1075 2481 conflaretur,
1114 2412 1188 2468 M.
1227 2414 1419 2467 autem
1448 2411 1643 2467 Cicero
1681 2414 1789 2467 hac
1822 2414 1964 2483 ipsa,
2003 2430 2153 2483 quae

104 2482 264 2537 infra
301 2482 516 2552 scripta
551 2486 663 2552 est,
702 2483 956 2539 oratione
991 2482 1355 2538 vehementer
1392 2480 1453 2539 C.
1491 2484 1714 2538 Pansae
1754 2484 2025 2540 adsensus
2064 2487 2158 2539 est

104 2559 168 2608 et
208 2557 432 2610 senatui
470 2554 539 2609 de
577 2571 678 2609 sua
715 2553 1003 2609 sententia
1037 2554 1337 2624 persuasit.
1390 2577 1397 2584 ·

243 2906 500 2973 Vellem
547 2909 612 2974 di
659 2908 1067 2973 immortales
1113 2906 1450 2992 fecissent,
1505 2912 1729 2992 patres
1775 2908 2151 2992 conscripti,
2177 2894 2213 2955 l

102 2999 185 3061 ut
237 2996 388 3061 vivo
445 2997 667 3082 potius
717 2996 852 3062 Ser.
902 2994 1192 3080 Sulpicio
1248 2997 1501 3081 gratias
1558 3016 1899 3081 ageremus
1956 3017 2151 3080 quam
2176 2981 2203 3027 ¹

101 3086 392 3150 honores
439 3090 701 3150 mortuo
752 3104 1224 3169 quaereremus.
1306 3083 1448 3149 Nec
1484 3105 1639 3149 vero
1678 3084 1927 3168 dubito,
1976 3085 2154 3169 quin,

101 3173 164 3237 si
203 3173 316 3237 ille
353 3173 457 3237 vir
493 3173 891 3259 legationem
928 3172 1302 3237 renuntiare
1340 3172 1684 3255 potuisset,
1724 3172 1975 3237 reditus
2012 3172 2155 3237 eius

104 3264 176 3325 et
212 3260 404 3325 vobis
443 3265 671 3347 gratus
709 3260 910 3325 fuerit
945 3264 1014 3324 et
1049 3260 1145 3324 rei
1182 3260 1484 3344 publicae
1523 3260 1833 3324 salutaris
1871 3259 2157 3343 futurus,

103 3368 243 3412 non
292 3369 432 3431 quo
489 3347 561 3412 L.
616 3347 924 3432 Philippo
981 3352 1046 3413 et
1099 3346 1172 3412 L.
1227 3348 1456 3413 Pisoni
1512 3351 1629 3412 aut
1688 3348 1980 3413 studium
2040 3354 2157 3414 aut

107 3456 267 3500 cura
329 3435 616 3500 defuerit
670 3437 739 3500 in
791 3439 979 3501 tanto
1036 3435 1252 3501 officio
1309 3440 1627 3519 tantoque
1683 3458 1977 3522 munere,
2041 3438 2157 3502 sed

106 3546 259 3587 cum
328 3520 462 3589 Ser.
531 3521 859 3609 Sulpicius
933 3528 1148 3588 aetate
1222 3523 1374 3589 illos
1441 3524 1750 3610 anteiret,
1830 3525 2162 3611 sapientia
