2550 3875
860 613 956 688 M.
1015 614 1304 688 TULLI
1361 614 1855 689 CICERONIS

344 813 456 898 IN
528 815 633 898 M.
702 813 1165 899 ANTONIU
1168 815 1251 898 M
1315 814 1702 899 ORATIO
1765 815 2386 901 PHILIPPICA

1125 971 1605 1060 SEPTIMA.

1062 1373 1649 1435 ARGUMENTUM.

483 1523 621 1580 Cum
656 1525 863 1595 legati,
902 1543 1069 1594 quem
1107 1526 1179 1578 ad
1216 1527 1447 1579 modum
1482 1525 1541 1578 in
1581 1525 1866 1594 superiore
1904 1525 2161 1580 oratione
2197 1527 2382 1581 tradi-

343 1597 465 1649 tum
505 1598 607 1664 est,
646 1596 720 1650 ad
756 1597 828 1651 M.
859 1596 1169 1651 Antonium
1204 1597 1444 1665 profecti
1482 1599 1672 1650 essent
1707 1613 2009 1664 eorumque
2036 1597 2254 1650 reditus
2287 1615 2380 1652 ex·

344 1668 538 1734 pecta1
543 1673 693 1734 etur
741 1667 1023 1721 referebat
1059 1667 1117 1720 in
1154 1670 1357 1722 senatu
1395 1666 1451 1722 C.
1489 1667 1675 1720 Pansa
1710 1667 1907 1722 consul
1944 1667 2014 1721 de
2049 1665 2148 1721 via
2183 1669 2381 1747 Appia

346 1739 404 1790 et
441 1737 510 1791 de
539 1738 784 1806 Moneta,
820 1738 1079 1792 tribunus
1114 1737 1192 1806 pl.
1232 1738 1303 1792 de
1329 1736 1610 1806 Lupercis.
1686 1736 1773 1791 Ibi
1799 1737 1873 1792 M.
1903 1737 2099 1792 Cicero
2136 1739 2377 1808 veritus,

344 1823 413 1861 ne
451 1807 587 1876 quid
623 1807 912 1877 languoris
959 1807 1281 1890 expectatio
1319 1808 1567 1862 adferret
1603 1807 1823 1873 animis,
1863 1824 1963 1862 suo
1990 1807 2117 1862 loco
2146 1782 2377 1863 senten:

344 1880 485 1932 tiam
521 1881 749 1950 rogatus
785 1878 909 1947 hac,
948 1895 1091 1948 quae
1129 1878 1281 1932 infra
1317 1879 1530 1948 scripta
1565 1880 1678 1946 est,
1717 1877 1969 1933 oratione
2009 1881 2115 1932 hoc
2154 1880 2378 1933 studuit

345 1950 592 2018 efficere,
636 1966 707 2005 ne
746 1952 1035 2006 senatores
1072 1950 1254 2004 lenius
1293 1950 1363 2004 de
1401 1950 1474 2003 M.
1513 1949 1724 2004 Antoni
1762 1949 2014 2005 consiliis
2052 1949 2378 2005 iudicarent

345 2024 404 2075 et
442 2020 749 2145 remiffsius,
787 2039 955 2089 quam
990 2022 1111 2090 ipse
1150 2024 1209 2075 et
1243 2019 1288 2073 ii
1326 2020 1500 2089 cives,
1545 2021 1640 2089 qui
1677 2020 1796 2075 eius
1833 2025 2023 2089 partes
2062 2022 2375 2089 sequeban-

340 2093 457 2159 tur,
496 2108 561 2145 ve
612 2094 724 2146 ent.

288 2362 317 2423 l
476 2376 704 2440 Parvis
732 2377 811 2440 de
840 2377 1052 2460 rebuS,
1090 2377 1201 2441 sed
1230 2376 1509 2440 foitasse
1538 2374 1920 2440 necessariis
1951 2376 2369 2461 consulimur,

292 2452 561 2549 1patres
610 2465 980 2548 conscripti.
1070 2464 1168 2529 De
1206 2465 1425 2548 Appia
1461 2464 1567 2527 via
1602 2467 1668 2527 et
1705 2463 1782 2527 de
1820 2462 2087 2527 Moneta
2123 2465 2368 2547 consul,

344 2553 420 2617 de
466 2552 778 2637 Lupercis
833 2554 1135 2617 tribunus
1190 2553 1276 2636 pl.
1334 2552 1548 2616 refert
1642 2551 1931 2626 Quarum
1975 2574 2195 2615 rerum
2242 2516 2368 2616 etsi

342 2641 555 2706 facilis
623 2641 969 2725 explicatio
1044 2641 1328 2724 videtur,
1400 2645 1622 2704 tamen
1683 2639 1937 2703 animus
2001 2640 2264 2703 aberrat
2325 2662 2364 2703 a

344 2730 669 2795 sententia
739 2751 1092 2813 suspensus
1167 2729 1339 2792 curis
1412 2727 1788 2792 maioribus.
1896 2726 2199 2791 Adducta
2265 2734 2362 2792 est
2410 2752 2440 2795 υ·

344 2819 535 2903 enim,
579 2822 797 2902 patres
847 2816 1217 2900 conscripti,
1263 2838 1366 2880 res
1403 2817 1473 2879 in
1510 2815 1865 2879 maximum
1900 2815 2260 2898 periculum
2297 2821 2363 2880 et

342 2907 413 2971 in
458 2910 820 2971 extremum
865 2927 1068 2989 paene
1114 2904 1478 2968 discrimen.
1570 2903 1723 2967 Non
1769 2902 1906 2967 sine
1954 2924 2149 2967 causa
2194 2904 2362 2989 lega-

343 3000 558 3059 torum
638 2994 886 3074 [istam]
962 2993 1341 3057 missionem
1404 3014 1658 3075 semper
1720 2991 1936 3075 timui,
2008 3013 2360 3091 numquam

342 3083 644 3167 probavi3
708 3102 984 3164 quorum
1038 3081 1284 3145 reditus
1342 3081 1497 3164 quid
1553 3081 1642 3145 sit
1695 3079 2058 3163 adlaturus,
2112 3080 2358 3165 ignom,

345 3170 744 3254 exspectatio
793 3169 1053 3252 quidem
1091 3172 1408 3252 quantum
1446 3167 1698 3232 adferat
1733 3167 2070 3253 languoris
2107 3168 2356 3247 animiS,
2385 3196 2431 3235 ιο

345 3259 490 3341 quis
534 3281 669 3322 non
714 3258 931 3320 videt?
1023 3256 1175 3321 Non
1221 3256 1396 3320 enim
1433 3278 1501 3320 se
1538 3260 1763 3320 tenent
1801 3256 1867 3338 ii,
1912 3256 2024 3339 qui
2063 3260 2356 3321 senatum

344 3347 565 3410 dolent
647 3347 727 3409 ad
809 3344 1220 3409 auctoritatis
1303 3344 1617 3427 pristinae
1700 3366 1880 3427 spem
1958 3344 2355 3429 revirescere,

344 3434 760 3497 coniunctum
839 3433 993 3497 huic
1071 3432 1281 3497 ordini
1355 3433 1668 3515 populum
1741 3432 2135 3518 Romanum,
2217 3454 2356 3497 con·
2531 3416 2534 3517 J

346 3519 701 3600 spirantem
748 3520 1028 3604 Italiam,
1072 3523 1338 3603 paratos
1385 3521 1722 3602 exercitus,
1769 3522 2103 3604 expeditos
2151 3521 2351 3586 duces.
