2550 3875
455 169 542 231 70
703 168 786 222 IN
822 166 882 220 P.
921 164 1293 221 VATmmM
1326 163 1621 220 TESTEM
1655 161 2233 218 IM'ERROGATIO.

453 329 746 395 Puteolis
810 349 1041 392 manus
1105 349 1247 392 esse
1306 327 1583 409 adlatas,
1647 326 1731 390 ad
1782 347 1887 390 me
1940 323 2278 390 consulem
2333 344 2470 407 que·

452 418 648 484 rellas
712 415 1224 481 Puteolanorum
1288 437 1429 480 esse
1494 414 1773 498 delata83
1842 417 1998 497 post
2061 415 2470 496 quaesturam

454 506 769 570 exierisne
805 504 1062 590 legatus
1097 503 1169 568 in
1205 503 1588 568 ulteriorem
1622 501 2012 585 Hispaniam
2049 499 2120 566 C.
2156 499 2469 566 Cosconio

452 616 572 678 pro
623 593 915 676 eonsule3
970 614 1119 657 cum
1163 592 1328 656 illud
1372 592 1499 654 iter
1542 589 1979 674 Hispaniense
2023 589 2303 672 pedibus
2346 588 2471 652 fere

455 682 686 747 confici
731 682 941 746 soleat
977 684 1108 763 aut,
1155 680 1213 744 si
1251 679 1365 764 qui
1400 679 1710 763 navigare
1748 678 1927 762 velit,
1971 681 2149 742 certa
2184 677 2280 741 sit
2314 677 2470 740 ratio

455 770 821 855 navigandi,
865 769 1202 833 venerisne
1243 767 1315 832 in
1352 765 1721 832 Sardiniam
1764 770 1961 850 atque
2007 766 2156 829 inde
2202 765 2279 830 in
2312 764 2472 830 Afri-

454 879 625 940 cam,
681 857 991 940 fuerisne,
1037 855 1210 940 quod
1255 855 1395 920 sine
1442 858 1707 920 senatus
1754 854 2051 920 consulto
2095 853 2227 917 tibi
2272 852 2473 918 facere

452 968 587 1009 non
646 945 859 1029 licuit,
919 945 992 1008 in
1052 965 1256 1029 regno
1312 942 1739 1027 Hiempsalis,
1802 942 2088 1008 fuerisne
2150 940 2225 1006 in
2280 962 2472 1026 regno

453 1032 913 1117 Mastanesosi,
976 1032 1312 1098 venerisne
1371 1032 1452 1096 ad
1506 1031 1749 1095 fretum
1801 1052 1919 1114 per
1972 1028 2473 1112 Mauretaniam

455 1144 647 1205 quem
689 1121 856 1186 scias
892 1142 1204 1203 umquam
1238 1120 1533 1205 legatum
1568 1118 2071 1203 Hispaniensem
2106 1118 2261 1182 istis
2298 1118 2510 1182 itine-1

453 1211 637 1275 ribus
682 1210 754 1273 in
797 1210 981 1273 illam
1024 1208 1435 1292 provinciam
1476 1208 1867 1292 pervenisse.

367 1317 434 1365 13
586 1297 828 1363 Factus
884 1319 953 1361 es
1006 1297 1311 1361 tribunus
1368 1297 1455 1380 pl.
1512 1293 1701 1380 (quid
1757 1296 1932 1360 enim
1985 1299 2050 1359 te
2110 1295 2189 1359 de
2248 1295 2475 1379 Hispa-

449 1387 787 1451 niensibus
847 1385 1115 1471 flagitiis
1184 1384 1316 1448 tuis
1374 1384 1968 1467 sordidissimisque
2026 1382 2226 1448 furtis
2288 1384 2473 1448 inter·

452 1495 680 1559 rogem
691 1471 753 1558 ‘?)
821 1470 1076 1548 Quaero
1115 1494 1230 1556 aps
1267 1476 1335 1536 te
1371 1471 1657 1556 primum
1692 1472 2008 1556 universe,
2058 1473 2239 1555 quod
2276 1493 2472 1558 genus

452 1561 894 1646 improbitatis
932 1564 999 1624 et
1031 1561 1293 1624 sceleris
1322 1561 1393 1624 in
1418 1582 1496 1625 eo
1524 1559 1917 1645 magistratu
1942 1560 2472 1644 praetermiseris,
2498 1579 2511 1616 1

452 1650 552 1714 Ac
607 1649 734 1713 tibi
779 1649 912 1713 iam
955 1648 1103 1713 inde
1147 1648 1523 1733 praescribo
1568 1670 1650 1712 ne
1694 1652 1843 1713 tuas
1890 1648 2115 1713 sordes
2159 1670 2316 1712 cum
2362 1649 2476 1712 cla-

453 1737 864 1802 rissimorum
927 1736 1214 1801 virorum
1279 1737 1623 1820 splendore
1685 1737 2096 1820 permisceas.
2201 1736 2357 1822 Ego
2416 1740 2475 1800 te

455 1847 895 1909 quaecumque
952 1826 1229 1910 rogabo,
1284 1826 1362 1889 de
1416 1828 1483 1888 te
1536 1824 1683 1909 ipso
1734 1825 1985 1910 rogabo
2029 1845 2247 1907 neque
2294 1829 2361 1890 te
2405 1847 2477 1888 ex

454 1913 840 1999 amplissimi
893 1913 1018 1979 viri
1071 1913 1421 2000 dignitate,
1474 1915 1589 1979 sed
1634 1935 1715 1978 ex
1756 1913 1889 1977 tuis
1934 1912 2228 1979 tenebris
2278 1917 2474 1979 extra-

450 2003 624 2086 ham,
662 2003 1006 2086 omniaque
1042 2025 1188 2068 mea
1221 2003 1355 2067 tela
1392 2002 1487 2067 sic
1522 2002 1592 2066 in
1626 2006 1693 2065 te
1727 2001 2145 2085 conicientur,
2180 2005 2268 2067 ut
2291 2024 2473 2069 nemo
2500 2022 2509 2061 ε

452 2112 570 2173 per
613 2094 800 2156 tuum
846 2092 1046 2175 latuS,
1101 2090 1275 2175 quod
1321 2090 1493 2155 soles
1540 2090 1779 2173 dicere,
1828 2090 2185 2175 saucietur3
2232 2091 2308 2155 in
2351 2091 2474 2155 tuis

366 2144 436 2281 li
452 2179 870 2261 pulmonibus
945 2200 1020 2243 ac
1090 2179 1450 2243 visceribus
1523 2178 1900 2243 haerebunt.
2006 2178 2100 2242 Et
2167 2179 2477 2262 quoniam

453 2266 744 2331 omnium
798 2289 1038 2331 rerumt
1070 2286 1454 2351 magnarum
1502 2267 1584 2331 ab
1632 2266 1731 2331 dis
1777 2266 2266 2332 immortalibus
2313 2268 2477 2351 prin-

451 2355 624 2437 cipia
676 2355 1024 2439 ducuntur,
1079 2355 1257 2437 volo,
1312 2358 1388 2418 ut
1440 2354 1603 2419 mihi
1656 2354 2047 2438 respondeas
2092 2358 2195 2437 tu,
2257 2357 2375 2439 qui
2416 2358 2477 2418 te

450 2442 940 2527 Pythagoreum
975 2442 1146 2507 soles
1184 2443 1397 2507 dicere
1435 2446 1502 2506 et
1532 2442 1816 2507 hominis
1846 2442 2213 2509 doctissimi
2241 2464 2507 2509 nomem

449 2530 582 2595 tuis
628 2530 998 2595 inmanibus
1045 2534 1112 2595 et
1155 2530 1453 2594 barbaris
1496 2531 1787 2595 moribus
1824 2532 2269 2615 praetendere,
2319 2552 2477 2615 quae

449 2621 516 2682 te
558 2621 743 2683 tanta
777 2619 1065 2704 pravitas
1103 2619 1341 2683 mentis
1377 2618 1680 2701 tenuerit,
1726 2619 1838 2701 qui
1876 2622 2097 2684 tantus
2134 2616 2347 2703 furor,
2390 2623 2482 2702 ut,

451 2728 598 2771 cum
643 2706 936 2771 inaudita
980 2728 1056 2772 ac
1099 2706 1350 2771 nefaria
1395 2728 1581 2772 sacra
1624 2707 2004 2791 susceperis,
2049 2728 2200 2771 cum
2244 2708 2481 2771 infero-

450 2816 596 2858 rum
647 2795 896 2859 animas
943 2794 1201 2879 elicere,
1255 2817 1405 2860 cum
1448 2816 1800 2879 puerorum
1847 2796 2013 2859 extis
2059 2795 2217 2859 deos
2250 2796 2481 2881 'manis

448 2887 732 2947 mactare
771 2884 1000 2967 soleas,
1047 2882 1356 2966 auspicia,
1392 2883 1629 2966 quibus
1664 2883 1823 2948 haec
1858 2884 2018 2947 urbs
2056 2882 2329 2949 condita
2364 2886 2505 2967 est,;

449 2971 686 3053 quibus
724 2972 936 3035 omnis
974 2993 1076 3036 res
1113 2971 1379 3055 publica
1414 2974 1609 3055 atque
1642 2970 1989 3055 imperium
2014 2972 2299 3057 tenetur,
2337 2994 2483 3037 con-

447 3058 788 3143 tempseris
839 3059 1157 3143 initioque
1202 3059 1577 3124 tribunatus
1624 3059 1723 3123 tui
1770 3059 2024 3123 senatui
2069 3059 2481 3125 denuntiaris

447 3146 580 3211 tuis
637 3146 1004 3212 actionibus
1055 3167 1377 3231 augurum
1421 3168 1736 3231 responsa
1783 3151 1977 3232 atque
2024 3146 2162 3211 eius
2212 3145 2483 3233 collegii

362 3245 428 3294 15
449 3233 901 3318 adrogantiam
956 3235 1399 3319 inpedimento
1453 3256 1588 3299 non
1638 3234 1878 3301 flatura.
1974 3233 2355 3301 Secundum
2408 3257 2483 3299 ea

449 3342 708 3405 quaero,
753 3322 1114 3388 servarisne
1159 3323 1229 3385 in
1275 3344 1353 3387 eo
1399 3322 1621 3405 fidem3
1664 3344 1823 3388 num
1870 3322 2126 3407 quando
2171 3322 2307 3388 tibi
2351 3346 2502 3399 mo-2

446 3429 588 3472 ram
633 3409 958 3494 adtulerit,
1005 3431 1134 3493 quo
1180 3410 1397 3473 minus
1445 3410 1793 3476 concilium
1840 3412 2190 3477 advocares
2236 3412 2502 3499 legem-⁴

443 3516 572 3577 que
615 3495 838 3581 ferres,
884 3498 1058 3581 quod
1103 3518 1180 3561 eo
1228 3496 1331 3562 die
1370 3497 1569 3562 scires
1606 3499 1685 3563 de
1723 3500 1904 3564 caelo
1942 3520 2084 3565 esse
2122 3505 2482 3566 servatum.
