2550 3875
803 168 961 224 GAP.
1001 175 1210 224 16-18
1249 175 1283 235 5
1318 176 1550 226 εει-45.
2068 169 2203 234 219

155 334 308 394 tum
384 334 714 413 putarem,
795 351 1006 414 neque
1082 352 1254 396 nunc
1328 330 1540 396 multo
1614 351 1803 398 secus
1875 331 2201 396 existimo.

157 417 328 483 Cum
392 417 567 483 enim
627 418 749 482 has
815 419 1030 484 tribus
1091 418 1383 503 edidisti,
1446 419 1699 504 ignotis
1752 422 1820 484 te
1875 418 2200 484 iudicibus

155 505 262 582 uti
316 504 512 570 malle
567 527 766 589 quam
817 506 996 572 notis
1052 506 1457 590 indicavisti3
1509 506 1747 593 fugisti
1802 507 2201 572 sententiam

156 593 328 695 legis
337 643 354 678 ‚
409 595 812 677 aequitatem
865 615 1130 660 omnem
1173 594 1490 678 reiecisti‚
1544 595 1617 660 in
1660 595 1952 660 tenebris
2000 616 2199 679 quam

98 708 127 748 5
158 682 232 746 in
274 682 422 747 luce
467 703 733 747 causam
777 682 1026 748 versari
1071 683 1385 748 maluisti.
1471 645 1805 748 '‘Voltinia
1849 683 2065 748 tribus
2112 683 2198 748 ab
2218 693 2293 742 43

155 771 286 836 hoc
357 774 696 854 corrupta,
769 769 1144 836 Teretinam
1213 771 1539 836 habuerat
1601 771 1917 836 venalem.
2028 770 2199 847 Quid

156 859 403 924 diceret
458 859 630 942 apud
684 857 1120 924 Voltiniensis
1177 863 1295 925 aut
1350 858 1521 943 apud
1575 859 1841 926 tribulis
1898 880 2053 924 suos
2107 859 2202 923 iu-

157 947 334 1012 dices
347 945 405 1010 ?’
498 945 710 1012 Immo
769 968 926 1014 vero
981 951 1058 1012 tu
1113 947 1272 1030 quid
1326 947 1620 1012 diceres?
1676 968 1871 1031 quem
1916 947 2201 1013 iudicem

160 1057 242 1099 ex
293 1034 428 1100 illis
485 1039 600 1098 aut
655 1035 934 1100 tacitum
987 1038 1230 1100 testem
1284 1035 1563 1100 haberes
1618 1039 1735 1100 aut
1792 1057 1947 1100 vero
1996 1035 2199 1100 etiam

75 1149 132 1188 ιο
162 1123 529 1187 excitares?
619 1122 914 1207 Etenim,
961 1122 1019 1187 si
1065 1145 1216 1188 reus
1261 1123 1477 1188 tribus
1524 1123 1774 1207 ederet,
1830 1121 2203 1188 Voltiniam

158 1210 444 1276 fortasse
490 1209 798 1275 Plancius
852 1214 1126 1295 propter
1177 1211 1731 1277 necessitudinem
1786 1231 1862 1276 ac
1906 1210 2204 1276 vicinita-

157 1303 315 1384 tem,
363 1320 552 1364 suam
596 1319 753 1363 vero
799 1303 978 1364 certe
1015 1299 1345 1364 edidisset.
1424 1298 1537 1383 Et,
1582 1299 1641 1364 si
1680 1298 2012 1383 quaesitor
2047 1298 2203 1364 huic

160 1387 446 1452 edendus
518 1385 784 1471 fuisset,
857 1408 1052 1470 quem
1124 1387 1389 1452 tandem
1461 1387 1685 1471 potius
1760 1408 1957 1472 quam
2027 1386 2203 1452 hunc

161 1475 234 1541 G.
288 1475 566 1558 Alfium,
631 1495 827 1558 quem
887 1474 1118 1558 habet,
1179 1475 1287 1540 cui
1339 1475 1727 1542 notissimus
1782 1495 1925 1539 esse
1981 1475 2177 1540 debet
2184 1526 2204 1559 ‚

84 1588 134 1630 ιε
163 1563 473 1644 vicinum,
509 1562 840 1647 tribulem,
876 1562 1345 1648 gravissimum
1377 1563 1714 1629 hominem
1740 1562 2204 1628 iustissimum-

163 1673 318 1734 que,
371 1650 726 1716 edidisset?
771 1651 955 1716 cuius
1003 1652 1268 1734 quidem
1314 1651 1613 1735 aequitas
1660 1654 1730 1716 et
1772 1672 1851 1716 ea
1895 1651 2203 1717 voluntas

162 1759 324 1824 erga
369 1736 486 1804 Gn.
532 1737 758 1804 Planci
814 1739 1124 1823 salutem,
1179 1761 1379 1823 quam
1432 1739 1545 1805 ille
1592 1739 1733 1804 sine
1778 1739 1917 1804 ulla
1960 1739 2206 1824 cupidi-

161 1827 326 1892 tatis
403 1827 774 1910 suspicione
845 1849 1003 1911 prae
1077 1849 1148 1892 se
1219 1826 1379 1912 fert,
1450 1827 1643 1892 facile
1718 1827 2011 1892 declarat
2068 1849 2206 1893 non

161 1915 367 1981 fuisse
413 1914 759 2002 fugiendos
805 1915 1072 1982 tribulis
1109 1915 1262 1981 huie
1304 1916 1570 2001 iudices,
1616 1915 1724 1983 cui
1760 1915 2204 2001 quaesitorem
2228 1961 2261 2024 1

78 2029 136 2069 20
163 2004 478 2069 tribulem
559 2005 1000 2089 exoptandum
1081 2004 1287 2071 fuisse
1358 2004 1653 2070 videatis.
1774 2002 2007 2089 Neque
2080 2024 2296 2098 ego44

159 2114 334 2159 nunc
397 2093 747 2159 consilium
808 2092 1212 2194 reprebendo
1276 2097 1493 2179 tuum,
1556 2082 1735 2177 quod
1792 2114 1905 2157 eas
1969 2050 2296 2177 tribus,44

163 2181 402 2263 quibus
474 2184 618 2247 erat
687 2181 798 2247 hie
869 2181 1154 2245 maxime
1216 2185 1443 2265 notus,
1514 2203 1652 2246 non
1712 2180 2018 2263 edideris,
2091 2182 2205 2245 sed

163 2292 204 2333 a
247 2273 315 2335 te
361 2270 564 2335 doceo
608 2269 958 2335 eonsilium
1003 2290 1139 2333 non
1184 2273 1517 2334 servatum
1558 2274 1846 2335 senatus.
1936 2268 2203 2334 Etenim

165 2357 316 2441 quis
395 2362 462 2421 te
545 2361 691 2423 tum
771 2358 1028 2423 audiret
1107 2357 1401 2442 illorum,
1484 2362 1600 2423 aut
1683 2357 1839 2443 quid
1912 2356 2206 2423 diceres?

80 2468 138 2509 25
169 2444 670 2529 Sequestremne
741 2445 1129 2511 Plancium?
1239 2442 1652 2529 Respuerent
1724 2467 1941 2530 aures,
2012 2466 2207 2510 nemo

167 2532 1246 2705 agffsceget,repudiar‡111t3dAn
1281 2534 1705 2687 glffissiosum?
1775 2534 1888 2687 Ιξῖι
1915 2534 2209 2685 llibenter

166 2645 249 2687 au
319 2644 437 2687 ren
549 2642 673 2687 nos
735 2643 872 2686 non
991 2644 1083 2685 m1
1126 2644 1163 2687 e
1227 2644 1304 2687 co
1432 2644 1689 2687 eremur
1875 2643 1913 2687 o
1942 2645 1965 2686 1
2030 2643 2207 2687 emm

163 2714 416 2796 putare,
461 2708 859 2793 Laterensis,
904 2709 1163 2795 legibus
1207 2710 1379 2794 istis,
1428 2732 1591 2794 quas
1639 2714 1909 2775 senatus
1954 2710 2033 2774 de
2076 2731 2208 2774 am—

165 2799 314 2865 bitu
377 2798 620 2865 sanciri
673 2798 984 2881 voluerit,
1037 2798 1106 2862 id
1162 2819 1305 2863 esse
1361 2802 1609 2884 actum,
1666 2803 1745 2864 ut
1799 2797 2207 2881 suffragatio,

80 2915 138 2956 eo
165 2890 244 2952 ut
289 2886 708 2952 observantia
714 2936 732 2970 ,
777 2889 855 2951 ut
899 2886 1120 2973 gratia
1163 2886 1525 2953 tolleretur.
1626 2885 1897 2970 Semper
1942 2885 2209 2951 fuerunt

164 2973 294 3041 viri
338 2976 516 3059 boni,
563 2976 678 3059 qui
723 2974 897 3059 apud
934 2975 1199 3041 tribulis
1241 2996 1397 3041 suos
1436 2974 1717 3061 gratiosi
1754 2996 1895 3040 esse
1932 2973 2209 3058 vellent3

163 3084 612 3218 ifflmvssssii
647 3062 1196 3217 {2315‘333103
1204 3060 2209 3234 ιὶῗέιῗῖἓιιὲοξὲἶὶθῖἷέοῃὲᾆὲ
2227 3072 2302 3123 ⁴⁵

163 3240 294 3307 hoe
355 3240 586 3305 liberis
647 3240 898 3305 nostris
951 3240 1471 3307 interdicendum
1532 3243 1660 3323 est,
1718 3260 1802 3303 ne
1855 3238 2211 3303 >observent

83 3354 140 3395 ⁸5
167 3328 434 3394 tribulis
478 3349 654 3412 suos,
697 3350 780 3393 ne
826 3327 1126 3413 diligant,
1167 3350 1252 3394 ne
1288 3328 1609 3393 conficere
1644 3326 2031 3393 necessariis
2071 3325 2211 3391 suis

167 3438 356 3483 susm
417 3416 671 3483 tribum
732 3415 1020 3500 possint,
1080 3438 1164 3481 ne
1217 3437 1341 3500 par
1392 3416 1478 3481 ab
1532 3416 1617 3481 iis
1673 3436 1911 3480 munus
1964 3417 2037 3481 in
2090 3436 2212 3479 sua

164 3504 488 3589 petitione
552 3507 952 3588 exspectent.
1049 3502 1246 3591 Haec·
1298 3504 1473 3569 enim
1526 3504 1723 3588 plena
1776 3506 1932 3569 sunt
1988 3503 2212 3589 officii,
