2550 3875
836 205 1416 272 CAPw—missis
2015 211 2146 272 459

62 362 425 429 Ianuariis
482 363 561 428 de
616 386 686 429 re
741 364 1007 448 publica
1051 365 1338 449 primum
1383 365 1703 431 referendi
1750 367 1878 433 fuit
1924 390 2004 433 ex
2050 391 2145 453 ec,

68 452 279 537 quod
317 450 484 517 XIII
524 451 854 517 Kalendas
892 452 1028 516 Ian.
1076 459 1345 518 senatus
1391 476 1494 519 me
1533 459 1800 520 auctore
1839 456 2142 520 decrevit.

68 540 197 605 Eo
258 540 362 605 die
412 540 725 624 primum,
784 539 1101 626 Quirites,
1156 540 1584 607 fundamenta
1630 548 1784 608 sunt
1828 544 2004 610 iacta
2049 547 2142 609 rei
2163 548 2196 595 2

68 629 432 713 publicae3
477 627 605 693 fuit
652 628 827 693 enim
871 630 1071 715 longo
1118 629 1466 695 intervallo
1514 631 1609 695 ita
1652 631 1821 696 liber
1858 635 2142 717 senatus,

4 739 39 781 ο
70 722 169 781 ut
221 738 342 782 vos
390 717 740 800 aliquando
775 717 970 782 liberi
1007 717 1259 783 essetis.
1346 716 1490 794 Quo
1531 719 1792 803 quidem
1827 723 2141 805 tempore,

74 804 364 869 etiamsi
438 805 550 869 ille
614 804 751 870 dies
815 805 991 870 vitae
1055 805 1253 870 finem
1318 806 1483 871 mihi
1547 808 1884 872 adlaturus
1950 813 2142 893 esset,

76 894 266 958 satis
333 914 643 979 magnum
707 915 1005 982 ceperam
1068 893 1386 977 fructum,
1460 917 1609 960 cum
1674 917 1789 961 vos
1853 896 2135 962 universi

76 1003 233 1046 una
280 985 497 1045 mente
543 984 738 1064 atque
786 1003 941 1047 voce
984 973 1229 1046 iterum
1276 1005 1317 1046 a
1362 1005 1464 1048 me
1508 987 1961 1048 conservatam
1997 1006 2139 1050 esse

80 1093 243 1134 rem
290 1069 623 1154 publicam
670 1070 1147 1135 conclamastis.
1230 1069 1376 1136 Hoc
1416 1074 1635 1136 vestro
1671 1071 1912 1137 iudicio
1952 1076 2139 1137 tanto

0 1183 48 1224 ιο
82 1162 371 1241 tamque
412 1158 747 1241 praeclaro
788 1159 1109 1223 excitatus
1147 1159 1243 1223 ita
1278 1158 1593 1224 Kalendis
1631 1158 1954 1224 Ianuariis
1992 1160 2142 1224 veni

80 1245 169 1311 in
200 1249 520 1329 senatum,
555 1250 633 1309 ut
661 1245 1121 1331 meminissem,
1160 1269 1358 1330 quam
1385 1268 1731 1330 personam
1757 1247 2140 1332 impositam

86 1356 135 1399 a
187 1334 377 1399 vobis
426 1334 833 1398 sustinerem.
916 1334 1149 1417 Itaque
1195 1335 1444 1400 bellum
1490 1335 1813 1399 nefarium
1857 1336 2140 1399 inlatum

86 1423 197 1486 rei
244 1421 547 1505 publicae
594 1444 742 1487 cum
787 1422 1091 1506 viderem,
1136 1423 1386 1487 nullam
1433 1444 1686 1487 moram
1727 1424 2141 1508 interponen-

88 1512 255 1575 dam
327 1510 711 1593 insequendi
784 1509 873 1574 M.
940 1511 1307 1576 Antonium
1377 1512 1607 1595 putavi
1677 1511 2139 1594 hominemque

0 1621 57 1664 ιο
94 1598 632 1681 audacissimum,
681 1597 794 1681 qui
839 1598 1068 1663 multis
1112 1598 1382 1663 nefariis
1421 1600 1614 1664 rebus
1653 1603 1804 1664 ante
1843 1599 2140 1665 commis·

90 1687 193 1753 sis
259 1687 387 1752 hoc
450 1691 743 1770 tempore
802 1685 1267 1769 imperatorem
1320 1688 1548 1770 populi
1601 1687 1884 1751 Romani
1941 1709 2140 1771 oppu-

91 1778 364 1862 gnaret,
419 1775 744 1840 coloniam
800 1778 1087 1838 vestram
1142 1775 1525 1839 fidissimam
1578 1775 2138 1859 fortissimamque

92 1862 461 1948 obsideret,
506 1863 679 1927 bello
727 1863 949 1928 censui
994 1885 1111 1947 per
1113 1863 1541 1965 sequendum3
1591 1864 1952 1929 tumultum
1998 1885 2139 1929 esse

96 1952 386 2036 lecrevi3
438 1951 770 2017 iustitium
815 1952 1006 2035 edici,
1062 1972 1222 2037 saga
1268 1952 1441 2016 sumi
1486 1913 1619 2017 dixi
1663 1953 1948 2036 placere,
2011 1974 2139 2037 quo

0 2066 61 2105 ιο
94 2062 330 2106 omnes
387 2039 599 2104 acrius
632 2040 1052 2142 graviusque
1098 2040 1552 2105 incumberent
1607 2041 1689 2104 ad
1733 2040 2138 2106 ulciscendas

92 2129 199 2195 rei
263 2128 563 2213 publicae
627 2127 927 2213 iniurias,
1001 2128 1058 2193 si
1105 2128 1326 2193 omnia
1389 2129 1762 2213 gravissimi
1825 2128 1985 2193 belli
2045 2128 2141 2193 in·

98 2217 320 2303 signia
374 2220 677 2300 suscepta
732 2238 771 2281 a
826 2221 1055 2282 senatu
1108 2216 1420 2281 viderent.
1510 2216 1742 2300 Itaque
1789 2216 1952 2281 haec
1999 2238 2138 2282 sen·
2158 2238 2190 2287 3

95 2305 333 2388 tentia,
379 2303 685 2388 Quirites,
732 2304 826 2370 sic
862 2327 981 2389 per
1017 2305 1307 2369 triduum
1343 2304 1570 2389 valuit,
1606 2308 1700 2387 ut,
1743 2326 2140 2389 quamquam

96 2393 416 2458 discessio
459 2391 636 2457 facta
670 2415 805 2458 non
841 2398 1032 2477 esset,
1078 2397 1301 2457 tamen
1335 2396 1593 2477 praeter
1628 2414 1874 2477 paucos
1913 2415 2139 2459 omnes

6 2506 67 2547 25
96 2481 268 2546 mihi
325 2481 660 2546 adsensuri
714 2480 1103 2545 viderentur.
1193 2480 1528 2546 Hodierno
1585 2484 1804 2546 autem
1861 2480 1964 2546 die
2024 2503 2139 2567 spe

96 2569 323 2635 nescio
372 2591 499 2653 qua
544 2568 724 2652 pacis
764 2568 1022 2633 obiecta
1058 2569 1394 2634 remissior
1432 2574 1696 2634 senatus
1734 2568 1880 2634 fuit.
1964 2568 2030 2633 N
2032 2591 2140 2633 am

96 2659 323 2743 plures
370 2679 514 2721 eam
561 2656 953 2721 sententiam
1001 2657 1210 2721 secuti
1247 2660 1419 2733 sunt,
1463 2661 1557 2742 ut,
1605 2661 1921 2741 quantum
1960 2678 2140 2722 sena-

98 2751 213 2811 tus
287 2744 647 2811 auctoritas
712 2748 1056 2828 vesterque
1120 2766 1473 2809 consensus
1538 2745 1709 2829 apud
1772 2744 2139 2809 Antonium

98 2835 426 2899 valiturus
474 2837 675 2915 esset,
720 2854 837 2915 per
882 2832 1136 2917 legatos
1185 2833 1639 2915 experiremur.

15 2950 72 2989 so
242 2921 585 3006 IntellegO,
634 2920 942 3004 Quirites,
988 2942 1027 2984 a
1072 2920 1259 2985 vobis
1305 2920 1474 2986 hanc
1523 2919 1918 2985 sententiam
1954 2940 2138 3004 repu-
2158 2920 2204 2983 2
2306 2992 2311 2995 μ
2367 2955 2396 2971 κ,

101 3010 300 3091 diari,
370 3029 578 3091 neque
651 3008 903 3073 iniuria.
1013 3006 1117 3073 Ad
1186 3030 1378 3092 quem
1453 3008 1627 3073 enim
1689 3007 1992 3092 legatos?
2057 3006 2140 3071 ad

102 3118 356 3179 eumne,
403 3096 515 3179 qui
552 3095 825 3179 pecunia
861 3096 1127 3180 publica
1162 3097 1483 3181 dissipata
1520 3100 1716 3179 atque
1757 3094 1976 3177 effusa,
2021 3116 2141 3178 per

102 3187 239 3253 vim
294 3188 361 3249 et
408 3187 639 3250 contra
685 3184 971 3268 auspicia
1023 3184 1328 3269 inpositis
1376 3185 1472 3248 rei
1517 3183 1816 3268 publicae
1863 3183 2140 3268 legibus,

104 3274 339 3360 fugata
385 3273 707 3351 contione,
754 3272 1022 3337 obsesso
1071 3277 1303 3338 senatu
1347 3272 1428 3337 ad
1466 3270 1961 3355 opprimendam
1999 3292 2140 3335 rem

25 3390 77 3431 ιτ,
104 3361 439 3447 publicam
473 3321 824 3425 Brundisio
863 3362 1155 3462 legiones
1195 3360 1587 3443 accersierit,
1629 3360 1711 3423 ab
1750 3358 1832 3423 iis
1871 3359 2142 3424 relictus

107 3473 255 3517 cum
291 3450 623 3517 latronum
661 3471 856 3513 manu
895 3449 964 3513 in
1003 3448 1289 3514 Galliam
1325 3411 1665 3530 inruperit,
1710 3445 1992 3511 Brutum
2031 3469 2142 3531 op-

106 3543 383 3625 pugnet,
448 3536 773 3602 Mutinam
829 3537 1343 3602 circumsedeat‘?
1443 3533 1620 3611 Quae
1678 3535 1864 3599 vobis
1919 3538 2142 3618 potest
