2550 3875
861 153 1014 209 CAP.
1053 159 1194 207 4--6
1231 159 1262 219 ξ
1303 159 1531 208 10—14.
2117 151 2201 216 87

189 314 457 399 quidam
501 314 752 381 stimuli
796 337 871 380 ac
913 315 1178 380 laboris.
1259 314 1665 401 Flagrabant
1699 313 1862 379 vitia
1893 312 2206 378 lubidinis

189 403 362 486 apud
400 403 615 487 illum3
650 404 962 489 vigebant
998 403 1195 467 etiam
1224 403 1441 468 studia
1467 403 1562 468 rei
1588 402 1911 467 militaris,
1978 398 2207 485 Neque

191 511 315 575 ego
351 511 660 575 umquam
693 491 896 557 fuisse
923 491 1054 555 tale
1083 494 1451 557 monstrum
1477 491 1549 556 in
1574 491 1767 558 terris
1793 489 2001 555 ullum
2026 490 2207 573 puto,

191 582 330 643 tam
373 600 454 642 ex
499 580 842 645 contrariis
887 579 1287 664 diversisque
1332 584 1391 643 et
1432 580 1606 645 inter
1648 600 1718 644 se
1762 576 2206 663 pugnantibus
2226 610 2267 677 6

143 681 170 723 ⁵
190 670 460 730 naturae
505 667 738 733 studiis
785 667 1377 752 cupiditatibusque
1424 667 1791 732 conflatum.
1884 664 2045 741 Quis
2082 664 2206 729 cla-
2227 701 2295 750 13

194 754 477 819 rioribus
495 755 652 819 viris
669 756 948 839 quodam
959 758 1253 839 tempore
1267 754 1626 839 iucundior,
1644 754 1791 839 quis
1804 752 2207 837 turpioribus

198 842 642 907 coniunctior?
671 843 814 927 quis
835 843 994 908 civis
1012 843 1353 909 meliorum
1370 842 1657 926 partium
1676 841 2040 926 aliquando,
2063 839 2209 924 quis

195 930 466 995 taetrior
500 930 711 995 hostis
745 930 900 997 huic
931 931 1226 996 civitati?
1263 930 1410 1015 quis
1435 931 1507 995 in
1531 929 1977 1014 voluptatibus
2003 928 2211 1012 inqui-

195 1018 427 1101 natior,
472 1018 616 1104 quis
660 1019 732 1083 in
765 1018 1100 1083 laboribus
1135 1018 1531 1102 patientior?
1569 1017 1714 1102 quis
1748 1017 1818 1083 in
1854 1016 2209 1099 rapacitate

115 1122 174 1167 ιο
198 1106 468 1189 avarior,
505 1106 650 1191 quis
677 1106 747 1170 in
773 1106 1123 1191 largitione
1147 1106 1457 1171 effusior?
1494 1104 1621 1169 Illa
1646 1126 1818 1189 vero,
1852 1104 2113 1186 iudices,
2140 1104 2212 1171 in

195 1194 311 1259 fflo
364 1193 626 1259 homine
671 1194 999 1259 mirabilia
1041 1194 1331 1278 fuerunt,
1388 1192 1923 1277 comprehendere
1967 1191 2211 1257 multos

197 1282 502 1365 amicitia,
518 1281 688 1347 tueri
703 1282 1030 1367 obsequio,
1051 1303 1198 1347 cum
1213 1281 1513 1347 omnibus
1528 1280 2020 1363 communicare,
2038 1278 2211 1363 quod

194 1370 496 1453 habebat,
542 1370 783 1435 servire
827 1370 1230 1454 temporibus
1277 1390 1543 1435 suorum
1588 1368 1878 1433 omnium
1920 1366 2211 1450 pecunia,

197 1458 430 1543 gratia,
472 1458 694 1523 labore
741 1458 1049 1542 corporis,
1094 1457 1332 1523 scelere
1370 1457 1585 1539 etiam,
1632 1456 1689 1521 si
1726 1476 1889 1539 opus
1924 1457 2113 1537 esset,
2156 1458 2217 1518 et

111 1561 172 1604 1⁵
199 1545 493 1630 audacia,
544 1566 802 1611 versare
856 1566 1042 1611 suam
1091 1548 1395 1611 naturam
1448 1548 1516 1610 et
1559 1565 1782 1630 regere
1829 1544 1909 1607 ad
1952 1546 2211 1625 tempus

198 1636 392 1718 atque
437 1633 565 1698 huc
609 1638 677 1698 et
718 1634 876 1699 illuc
919 1638 1236 1718 torquere·
1267 1655 1344 1697 ac
1388 1634 1644 1698 flectere
1654 1682 1671 1716 ‚
1718 1652 1865 1697 cum
1908 1630 2210 1695 tristibus

199 1744 436 1804 severe,
463 1744 610 1789 cum
637 1722 924 1787 remissis
950 1722 1242 1805 iucunde,
1269 1742 1417 1786 cum
1444 1720 1705 1785 senibus
1734 1719 2036 1804 graviter,
2064 1739 2212 1783 cum

69 1894 75 1899 .
197 1810 532 1875 iuventute
577 1810 864 1894 comiter,
910 1832 1058 1875 cum
1100 1809 1480 1875 facinerosis
1517 1808 1839 1890 audacter,
1885 1828 2032 1871 cum
2066 1805 2212 1870 libi-

198 1897 446 1964 dinosis
489 1897 816 1964 luxuriose
861 1898 1092 1964 vivere.
1181 1896 1325 1964 Hac
1366 1897 1480 1963 ille
1516 1900 1654 1962 tam
1688 1895 1869 1961 varia
1903 1893 2211 1977 multipli-
2235 1896 2302 1946 14

109 2004 173 2046 20
200 1986 386 2071 cique
437 1990 674 2051 natura
725 2009 872 2051 cum
925 1987 1136 2052 omnis
1191 1985 1492 2050 omnibus
1546 2007 1625 2049 ex
1678 1983 1873 2048 terris
1916 1982 2212 2046 homines

197 2075 534 2157 improbos
561 2075 958 2159 audacesque
987 2075 1356 2158 collegerat,
1382 2077 1525 2138 tum
1545 2071 1743 2136 etiam
1760 2070 2003 2135 multos
2020 2069 2211 2135 fortis

199 2163 378 2227 viros
414 2165 481 2226 et
514 2164 722 2228 bonos
759 2163 971 2247 specie
1000 2161 1278 2247 quadam
1303 2161 1565 2225 virtutis
1594 2159 2015 2224 adsimulatae
2040 2160 2213 2222 tene·

200 2251 336 2314 bat.
398 2249 626 2335 Neque
661 2272 966 2336 umquam
1002 2271 1080 2314 ex
1114 2250 1230 2314 illo
1268 2249 1520 2314 delendi
1554 2247 1749 2314 huius
1784 2245 2043 2329 imperii
2077 2248 2213 2308 tam

201 2337 676 2404 consceleratus
712 2338 992 2422 impetus
1029 2337 1370 2420 extitisset,
1404 2336 1535 2401 nisi
1568 2338 1670 2400 tot
1696 2334 2005 2399 vitiorum
2029 2335 2215 2396 tanta

107 2443 172 2486 25
199 2426 574 2492 immanitas
612 2426 996 2511 quibusdam
1030 2425 1365 2491 facultatis
1402 2428 1469 2488 et
1501 2422 1853 2507 patientiae
1887 2421 2214 2486 radicibus

195 2513 535 2580 niteretur.
629 2512 838 2590 Quare
876 2513 1006 2578 ista
1042 2513 1354 2597 condicio,
1398 2511 1656 2594 iudices,
1702 2512 2061 2594 respuatur,
2096 2529 2215 2572 nec

199 2601 524 2668 Catilinae
567 2601 1032 2666 familiaritatis
1079 2600 1324 2666 crimen
1366 2600 1658 2683 haereat3
1702 2592 1803 2662 est
1837 2596 2011 2662 enim
2046 2617 2215 2661 com-

198 2711 396 2755 mune
435 2711 581 2754 cum
615 2689 840 2754 multis
879 2691 945 2753 et
981 2711 1128 2753 cum
1164 2687 1550 2775 quibusdam
1585 2686 1785 2750 etiam
1819 2684 2027 2750 boniS.
2106 2681 2214 2750 Me

195 2799 420 2862 ipsum
431 2828 448 2860 ,
493 2799 614 2860 me,
657 2778 939 2862 inquam,
987 2777 1310 2861 quondam
1352 2796 1555 2859 paene
1597 2773 1711 2838 ille
1755 2771 2024 2855 decepit,
2070 2792 2215 2836 cum

105 2886 172 2926 so
202 2870 275 2930 et
337 2865 497 2930 civis
559 2865 722 2930 mihi
776 2865 984 2930 bonus
1037 2868 1107 2929 et
1159 2863 1411 2948 optumi
1466 2862 1774 2946 cuiusque
1829 2859 2097 2943 cupidus
2152 2861 2220 2922 et

200 2955 434 3019 firmus
479 2953 724 3018 amicus
769 2974 846 3018 ac
890 2952 1100 3017 fidelis
1143 2951 1496 3034 videretur;
1542 2949 1724 3016 cuius
1770 2969 1893 3032 ego
1928 2945 2219 3010 facinora

202 3041 415 3108 oculis
467 3041 652 3125 prius
705 3061 898 3125 quam
953 3039 1284 3125 opinione,
1336 3038 1637 3103 manibus
1682 3038 1832 3101 ante
1880 3055 2073 3118 quam
2118 3054 2220 3099 su·

201 3129 496 3215 spicione
550 3128 955 3212 deprehendi.
1045 3126 1244 3192 Cuius
1298 3126 1370 3191 in
1420 3125 1678 3210 magnis
1734 3121 2009 3189 catervis
2064 3120 2221 3184 ami-

201 3239 434 3284 corum
469 3216 527 3282 si
563 3215 691 3280 fuit
725 3217 924 3281 etiam
959 3214 1235 3299 Caelius,
1279 3213 1491 3298 magis
1528 3217 1630 3278 est
1662 3215 1739 3276 ut
1770 3210 1911 3293 ipse
1946 3208 2218 3274 moleste

105 3322 168 3365 σε
201 3305 376 3370 ferat
412 3325 660 3369 errasse
698 3325 785 3388 se,
823 3303 1018 3369 sicuti
1049 3325 1186 3368 non
1218 3322 1574 3386 numquam
1608 3300 1679 3364 in
1706 3297 1931 3365 eodem
1956 3295 2219 3360 homine

199 3415 311 3460 me
359 3414 613 3478 quoque
658 3392 898 3458 erroris
943 3390 1072 3456 mei
1117 3389 1424 3476 paenitet,
1470 3409 1665 3474 quam
1708 3389 1785 3452 ut
1826 3384 2019 3450 istius
2065 3382 2243 3452 ami-.

198 3481 399 3547 citiae
446 3479 693 3546 crimen
734 3479 1125 3545 reformidet.
