2550 3875
911 232 1064 288 CAP.
1103 240 1242 289 e—9
1282 241 1314 300 ς
1356 240 1580 289 13-18.
2128 235 2257 299 501

213 396 542 480 senderet,
600 417 798 480 quam
852 396 953 461 vir
1007 393 1411 460 fortissimus
1468 394 1757 460 defendit
1802 394 2091 479 Hirtius,
2146 400 2262 461 aut

214 484 497 550 amicior
553 505 788 549 causae
836 484 1183 568 quisquam
1229 483 1510 548 inveniri
1553 488 1777 567 potest
1824 505 2022 568 quam
2067 484 2260 549 filius.

211 574 313 637 At
367 572 605 638 horum
661 573 829 637 alter
882 572 1170 637 nondum
1227 594 1307 636 ex
1352 572 1837 657 longinquitate
1884 572 2260 658 gravissimi

211 660 433 726 morbi
480 664 828 744 recreatae,
876 661 1185 745 quicquid
1229 660 1464 724 habuit
1510 660 1766 745 virium,
1810 660 1880 725 id
1928 661 1998 725 in
2034 682 2260 727 eorum

153 767 182 806 ⁵
212 749 596 815 libertatem
644 748 1109 813 defendendam
1147 748 1447 832 contulit,
1495 769 1774 832 quorum
1808 749 1983 815 votis
2022 750 2260 815 iudica-

212 836 316 902 vit
353 858 422 902 se
461 859 501 901 a
537 840 749 902 morte
787 841 1184 920 revocatum,
1222 838 1390 901 alter
1426 835 1695 901 virtutis
1734 838 1969 902 robore
2006 838 2262 903 firmior

216 946 417 1011 quam
463 925 704 990 aetatis
751 947 900 992 cum
944 926 1092 991 istis
1140 926 1304 1011 ipsis
1350 926 1676 990 veteranis
1726 925 1807 988 ad
1850 924 1931 989 D.
1972 925 2259 991 Brutum

213 1013 631 1079 liberandum
667 1018 770 1079 est
804 1012 1157 1098 profectus.
1221 1014 1405 1099 Ergo
1443 1013 1544 1078 illi
1578 1013 1929 1078 certissimi
1955 1013 2257 1098 idemque

214 1100 858 1168 acerrimi·ansaris
904 1106 1202 1168 actorum
1237 1102 1503 1187 patroni
1538 1124 1659 1186 pro
1695 1101 1776 1166 D.
1814 1101 2009 1165 Bruti
2046 1101 2258 1167 salute

127 1208 187 1249 ιο
212 1190 463 1255 bellurn
528 1195 793 1276 gerunt3
848 1211 1012 1274 quos
1066 1190 1362 1256 veterani
1427 1193 1761 1274 secuntur;
1814 1190 1892 1255 de
1947 1189 2257 1254 libertate

213 1279 687 1433 flsszffmss'ffi
731 1278 1046 1432 {gfff
1067 1301 1244 1443 0¹33
1287 1279 1389 1432 :22
1432 1278 1999 1453 532230332‘335
2018 1300 2256 1451 ᾳῖἷωὸῗ
2280 1380 2344 1431 a

211 1454 499 1521 Brutum
543 1455 848 1520 omnibus
896 1455 1132 1540 opibus
1172 1459 1630 1521 conservatum
1667 1454 1890 1537 velint,
1935 1453 2024 1519 M.
2060 1453 2257 1519 Bruti

215 1544 308 1608 sit
353 1547 696 1628 suspectus
734 1544 1105 1609 exercitus?
1189 1545 1296 1608 An
1331 1565 1505 1626 vero,
1553 1544 1609 1607 si
1650 1543 1805 1627 quid
1844 1547 2034 1627 esset,
2082 1543 2258 1626 quod

132 1650 188 1691 ιε
219 1654 260 1697 a
295 1632 384 1698 M.
419 1631 631 1697 Bruto
677 1632 1040 1697 timendum
1086 1632 1433 1716 videretur,
1481 1630 1696 1696 Pansa
1731 1632 1800 1695 id
1836 1653 1971 1697 non
2006 1630 2259 1697 videret

216 1726 364 1805 aut,
420 1720 478 1785 si
530 1720 807 1805 videret,
859 1742 992 1785 non
1046 1720 1423 1785 laboraret?
1516 1719 1677 1796 Quis
1734 1723 1850 1785 aut
1897 1719 2259 1804 sapientior
2302 1776 2313 1785 .

218 1809 300 1873 ad
339 1809 780 1875 coniecturam
816 1830 1035 1874 rerum
1069 1808 1441 1874 futurarum
1480 1813 1595 1873 aut
1632 1808 1711 1872 ad
1740 1808 2258 1893 propulsandum

215 1901 469 1963 metum
524 1896 948 1984 diligentior?
1046 1897 1301 1982 Atquin
1355 1897 1551 1962 huius
1609 1896 1899 1962 animum
1956 1917 2114 1983 erga
2167 1894 2257 1962 M.

215 1985 500 2051 Brutum
555 1987 973 2071 studiumque
1018 1987 1296 2051 vidistis.
1388 1985 1731 2070 Praecepit
1778 1985 2074 2051 oratione
2121 2006 2258 2069 sua,

132 2095 190 2135 so
218 2075 376 2158 quid
413 2075 754 2140 decernere
791 2096 913 2140 nos
952 2075 1029 2140 de
1059 2074 1146 2139 M.
1173 2075 1405 2158 Bruto,
1444 2074 1601 2158 quid
1629 2074 1871 2139 sentire
1903 2078 2258 2158 oporteret,

216 2167 604 2246 tantumque
663 2163 857 2247 afuit,
922 2168 998 2228 ut
1052 2164 1495 2248 periculosum
1552 2163 1644 2227 rei
1700 2163 2003 2247 publicae
2060 2162 2257 2259 Bruti

215 2255 482 2335 putaret
528 2251 910 2336 exercitum,
955 2255 1032 2317 ut
1078 2252 1148 2316 in
1193 2273 1269 2316 eo
1317 2251 1768 2317 firmissimum
1814 2252 1909 2315 rei
1954 2251 2257 2336 publicae

213 2339 614 2423 praesidium
700 2344 766 2404 et
846 2339 1333 2426 gravissimum·
1382 2343 1673 2424 poneret.
1794 2337 2059 2405 Scilicet
2129 2340 2258 2405 hoc

217 2427 434 2492 Pansa
497 2430 612 2491 aut
670 2451 802 2493 non
857 2429 1036 2494 videt
1093 2427 1344 2514 (hebeti
1402 2428 1576 2493 enim
1629 2428 1895 2514 ingenio
1954 2427 2085 2509 est)
2141 2432 2257 2493 aut

135 2535 190 2576 ει
216 2515 540 2602 neglegit3
605 2537 768 2600 quae
833 2517 1006 2582 enim
1063 2515 1303 2583 Caesar
1367 2518 1533 2603 egit,
1598 2539 1675 2582 ea
1727 2521 1875 2582 rata
1929 2538 2071 2581 esse
2124 2538 2260 2581 non

219 2608 431 2689 curat3
502 2604 580 2668 de
652 2606 888 2688 quibus
954 2606 1415 2671 confirmandis
1481 2609 1547 2669 et
1614 2605 1977 2670 sanciendis
2041 2604 2259 2689 legem

219 2692 505 2758 comitiis
553 2694 936 2758 centuriatis
985 2715 1062 2758 ex
1110 2695 1507 2759 auctoritate
1554 2698 1786 2758 nostra
1829 2694 2085 2757 laturus
2136 2694 2255 2757 est.

218 2778 541 2845 Desinant
594 2781 802 2867 igitur
857 2786 972 2846 aut
1024 2782 1100 2860 ii,
1157 2783 1268 2866 qui
1324 2804 1455 2846 non
1511 2781 1775 2864 timent,
1831 2780 2140 2845 simulare
2187 2800 2255 2844 se
2277 2781 2317 2844 9

218 2869 448 2933 timere
505 2872 572 2934 et
626 2871 997 2955 prospicere
1051 2870 1148 2936 rei
1203 2870 1503 2953 publicae
1562 2873 1676 2934 aut
1732 2868 1806 2952 ii,
1868 2867 1980 2952 qui
2037 2867 2257 2932 omnia

140 2977 193 3016 ao
219 2961 550 3035 verentur,
613 2958 891 3023 nimium
947 2980 1088 3024 esse
1143 2958 1389 3042 timidi,
1443 2979 1524 3023 ne
1580 2957 1846 3022 illorum
1903 2955 2256 3039 simulatiO,

217 3045 454 3110 horum
519 3045 696 3110 obsit
759 3047 1040 3134 ignavia.
1141 3046 1349 3132 Quae,
1411 3047 1683 3110 malum!
1742 3048 1843 3108 est
1896 3045 2029 3109 ista
2083 3045 2254 3109 ratio
2280 3056 2351 3106 18

220 3155 477 3218 semper
524 3135 794 3218 optimis
843 3136 1056 3201 causis
1100 3140 1561 3201 veteranorum
1604 3154 1844 3199 nomen
1883 3133 2257 3217 opponere?

221 3222 516 3298 Quorum
552 3222 814 3287 etiamsi
851 3224 1282 3309 amplecterer
1318 3223 1650 3305 virtutem,
1685 3223 1763 3286 ut
1790 3220 1979 3303 facio,
2017 3225 2257 3303 tamen,

220 3309 278 3374 si
324 3313 544 3375 essent
586 3311 998 3397 adrogantes,
1042 3334 1177 3378 non
1212 3334 1476 3397 possem
1513 3311 1683 3376 ferre
1719 3309 2076 3374 fastidium.
2148 3309 2259 3375 An

141 3416 192 3457 ω
217 3419 340 3462 nos
406 3400 704 3464 conantis
767 3401 1105 3466 servitutis
1160 3402 1378 3466 vincla
1430 3420 1731 3484 rumpere
1794 3399 2134 3482 impediet,
2200 3399 2257 3463 si

221 3486 367 3570 quis
414 3490 757 3553 veteranos
802 3488 978 3554 nolle
1026 3489 1308 3554 dixerit?
1399 3486 1553 3553 Non
1600 3492 1754 3553 sunt
1802 3487 2001 3571 enim,
2047 3487 2259 3570 cred0‚

218 3574 748 3660 innumerabiles,
778 3577 890 3661 qui
917 3599 1039 3662 pro
1069 3577 1399 3643 communi
1427 3577 1735 3642 libertate
1765 3597 1948 3640 arma
1970 3577 2263 3659 capiant;
