2550 3875
748 174 904 230 CAP.
941 180 1154 230 38—40
1189 181 1219 241 5
1258 180 1523 231 98—103.
2019 177 2152 240 409

54 354 63 391 ‘-
115 337 339 420 Aprili
388 340 585 420 atque
622 334 819 421 Maio,
865 341 1009 401 tum
1056 359 1202 402 cum
1249 338 1451 402 etiam
1488 337 1779 422 Capuam
1825 338 2149 403 coloniam

51 444 61 483 ε
118 425 436 490 deducere
483 428 759 490 conatus
805 426 901 490 es!
988 424 1195 502 Quem
1242 426 1324 490 ad
1371 427 1634 491 modum
1679 426 1861 492 illinc
1909 426 2148 491 abieris

51 546 54 571 ι
117 514 224 578 vel
278 513 501 598 potius
558 534 761 597 paene
817 534 952 578 non
1006 514 1272 598 abieris,
1334 516 1592 580 scimus.
1692 514 1816 582 Cui
1869 519 1945 579 tu
1998 514 2250 579 urbilol

51 655 56 663 .
114 601 466 666 minitaris.
557 600 832 667 Utinam
878 623 1127 685 conere,
1171 606 1249 667 ut
1296 602 1643 687 aliquando
1688 603 1851 667 illud
1898 602 2146 687 ‘paene'

51 706 81 751 ‚5
117 689 424 754 tollatur!
517 688 611 753 At
667 711 865 773 quam
917 690 1160 754 nobilis
1208 694 1312 754 est
1356 695 1473 755 tua
1518 691 1634 755 illa
1675 691 2146 776 peregrinatio!

49 808 56 843 ;
120 778 294 855 Quid
329 777 753 863 prandiorum
782 778 1151 863 adparatus,
1194 779 1349 863 quid
1375 778 1691 844 furiosam
1719 780 2148 844 vinulentiam

49 894 55 933 ·.
117 870 305 931 tuam
339 866 714 951 proferam?
768 866 909 930 Tua
944 866 1075 930 ista
1110 867 1506 931 detrimenta
1542 871 1714 952 sunt,
1749 868 1866 932 illa
1899 872 2145 932 nostra.

117 954 379 1039 Agrum
430 953 863 1039 Campanum,
919 955 1032 1038 qui
1088 977 1234 1019 cum
1292 955 1371 1019 de
1425 955 1859 1041 vectigalibus
1915 956 2145 1020 exime·

49 1074 59 1109 ·.
116 1043 337 1127 batur,
380 1046 457 1107 ut
502 1042 823 1107 militibus
867 1043 1146 1126 daretur,
1193 1047 1414 1107 tamen
1449 1043 1661 1129 infligi
1700 1064 2009 1129 magnum
2044 1043 2140 1107 rei

47 1150 85 1201 ’,ο
117 1130 422 1215 publicae
477 1131 711 1195 vulnus
757 1132 1178 1215 putabamus,
1231 1131 1405 1197 hunc
1451 1136 1529 1197 tu
1573 1130 2145 1216 compransoribus

47 1254 51 1293 ;
120 1219 257 1283 tuis
304 1223 373 1283 et
415 1219 867 1284 conlusoribus
908 1219 1255 1283 dividebas.
1329 1218 1570 1285 Mimos
1609 1220 1752 1285 dico
1789 1225 1859 1283 et
1896 1219 2147 1301 mimas,

47 1341 52 1379 ;
117 1310 345 1391 patres
393 1307 765 1391 conscripti,
810 1307 881 1371 in
926 1328 1085 1392 agro
1133 1306 1466 1392 Campano
1514 1309 1888 1373 collocatos.
1976 1307 2146 1384 Quid

47 1430 55 1471 ς
120 1394 256 1459 iam
311 1417 545 1478 querar
600 1395 678 1459 de
730 1416 888 1480 agro
936 1394 1305 1460 Leontino?
1362 1396 1671 1479 quoniam
1719 1396 1979 1480 quidem
2022 1396 2146 1460 hae

45 1524 56 1561 ι,
121 1484 454 1566 quondam
517 1484 844 1547 arationes
901 1482 1235 1568 Campana
1298 1488 1366 1547 et
1418 1483 1742 1549 Leontina
1793 1485 1864 1548 in
1919 1483 2148 1568 populi

45 1588 85 1651 -‚⁵
118 1571 408 1636 Romani
452 1572 849 1654 patrimonio
898 1571 1304 1657 grandiferae
1342 1576 1410 1637 et
1445 1572 1816 1638 fructuosae
1853 1570 2146 1636 fereban-

118 1665 248 1724 tur.
322 1658 577 1725 Medico
624 1659 755 1723 tria
795 1660 977 1723 milia
1013 1661 1340 1745 iugerum3
1387 1662 1560 1745 quid,
1606 1662 1664 1725 si
1700 1664 1767 1724 te
1806 1658 2146 1725 sanasset?

45 1792 51 1815 >
118 1746 375 1813 rhetori
439 1748 595 1831 duo;
659 1748 840 1831 quid,
905 1748 961 1812 si
1017 1752 1082 1812 te
1140 1711 1456 1812 disertum
1511 1748 1721 1813 facere
1775 1747 2146 1833 potuisset?

45 1878 48 1885 ·
122 1834 253 1901 Sed
296 1836 377 1900 ad
414 1836 543 1901 iter
578 1834 969 1919 Italiamque
1006 1837 1364 1901 redeamus.
1437 1835 1784 1901 Deduxisti
1823 1812 2254 1952 coloniam14³O

42 1922 513 2008 Casilinum,
577 1946 708 2008 quo
766 1923 1006 1991 Caesar
1065 1929 1214 1990 ante
1270 1926 1639 1991 deduxerat.
1740 1903 2218 1992 Consuluisti¹⁰

42 2036 81 2078 ο
115 2036 224 2078 me
288 2035 405 2098 per
461 2013 720 2078 litteras
776 2014 854 2077 de
911 2012 1136 2098 Capua
1188 2019 1265 2077 tu
1322 2015 1609 2099 quidem,
1674 2014 1786 2078 sed
1840 2014 2013 2078 idem
2066 2014 2147 2077 de

42 2148 45 2185 ρ
114 2100 411 2168 Casilino
458 2100 958 2186 respondissem,
1002 2123 1331 2186 possesne,
1377 2103 1490 2166 ubi
1537 2102 1795 2168 colonia
1831 2105 2024 2186 esset,
2069 2123 2147 2166 eo

115 2191 447 2255 coloniam
490 2211 730 2254 novam
775 2190 914 2254 iure
962 2190 1290 2255 deducere.
1369 2190 1626 2276 Negavi
1671 2190 1742 2255 in
1786 2212 1932 2255 eam
1977 2189 2148 2255 colo-

42 2326 46 2363 :
113 2279 328 2361 niam,
383 2299 548 2362 quae
594 2281 770 2342 esset
814 2279 1152 2363 auspicato
1198 2279 1501 2363 deducta,
1556 2280 1710 2343 dum
1756 2284 1931 2343 esset
1973 2277 2149 2343 inco-

42 2416 44 2451 ;
116 2366 347 2449 lumis,
411 2365 736 2431 coloniam
798 2388 1035 2430 novam
1098 2368 1238 2431 iure
1299 2367 1555 2452 deduci3
1619 2368 1886 2432 colonos
1940 2388 2147 2439 novos

48 2473 81 2514 ⁵
120 2453 407 2519 adscribi
461 2476 653 2538 posse
707 2455 1031 2538 rescripsi.
1121 2454 1221 2518 Tu
1270 2460 1493 2520 autem
1538 2455 1890 2520 insolentia
1935 2455 2147 2519 elatus

118 2541 303 2607 omni
368 2543 809 2626 auspiciorum
872 2543 1014 2607 iure
1080 2544 1350 2608 turbato
1407 2542 1769 2609 Casilinum
1824 2543 2150 2609 coloniam

118 2630 466 2714 deduxisti,
505 2652 631 2714 quo
669 2637 809 2696 erat
845 2631 1071 2715 paucis
1111 2632 1298 2695 annis
1335 2636 1488 2697 ante
1521 2633 1813 2715 deducta,
1849 2636 1926 2696 ut
1954 2631 2150 2695 vexil-

115 2721 260 2783 lum
296 2719 581 2803 tolleres,
626 2723 703 2784 ut
750 2724 1043 2784 aratrum
1081 2720 1621 2805 circumduceres3
1666 2720 1849 2785 cuius
1889 2718 2150 2802 quidem

116 2828 381 2872 vomere
417 2811 678 2892 portam
706 2807 969 2892 Capuae
1004 2828 1207 2890 paene
1244 2808 1711 2892 perstrinxisti,
1744 2813 1821 2872 ut
1852 2806 2147 2870 florentis

42 2917 80 2956 o
120 2895 413 2960 coloniae
452 2897 860 2961 territorium
895 2895 1314 2960 minueretur.
1367 2895 1474 2961 Ab
1502 2896 1627 2961 hac
1654 2894 2254 2994 perturbatione108

116 2983 514 3069 religionum
561 2985 827 3049 advolas
873 2984 944 3047 in
987 2982 1075 3048 M.
1120 2983 1459 3067 Varronis,
1507 2982 1907 3048 sanctissimi
1953 2985 2149 3065 atque

114 3073 530 3158 integerrimi
588 3073 740 3157 viri,
801 3071 1077 3136 fundum
1133 3069 1536 3156 Casinatem,
1602 3093 1729 3154 quo
1784 3071 1950 3153 iure,
2020 3090 2148 3153 quo

114 3161 280 3226 ore?
374 3160 700 3244 ‘Eodem',
754 3161 1039 3244 inquies,
1094 3158 1248 3244 ‘quo
1304 3161 1375 3224 in
1428 3161 1740 3225 heredum
1796 3156 1869 3222 L.
1921 3157 2150 3242 Rubri,

116 3271 251 3332 quo
307 3249 378 3312 in
430 3249 742 3314 heredum
787 3246 862 3312 L.
906 3247 1163 3312 Turseli
1216 3248 1511 3348 praedia,
1568 3268 1697 3331 quo
1748 3247 1819 3312 in
1862 3247 2149 3329 reliquas

43 3357 76 3399 5
116 3336 628 3402 innumerabiles
682 3336 1171 3420 possessiones?
1260 3336 1356 3400 Et
1411 3337 1467 3400 si
1523 3337 1606 3401 ab
1659 3337 1879 3418 hasta,
1932 3335 2150 3399 valeat

118 3427 335 3507 hasta,
382 3424 645 3489 valeant
690 3425 972 3508 tabulae,
1016 3425 1209 3490 modo
1258 3424 1576 3508 Caesaris,
1620 3445 1754 3489 non
1799 3428 1967 3507 tuae,
2015 3425 2150 3507 qui-

115 3516 245 3578 bus
293 3513 607 3598 debuisti,
660 3536 794 3580 non
841 3513 1076 3597 quibus
1124 3518 1199 3578 tu
1244 3517 1312 3578 te
1358 3513 1742 3577 liberavisti.
1831 3510 2149 3577 Varronis
