2550 3875
293 193 426 257 550
523 192 600 246 IN
640 192 700 245 M
752 190 1149 247 ANTONIUM
1187 190 1455 246 ORATIO
1495 189 1900 245 PHILIPPICA
1936 190 2084 245 XIII.

293 374 444 418 cum
507 356 646 416 tam
709 352 819 437 pio
885 352 1188 437 iustoque
1250 349 1535 417 foedere!
1636 351 1704 417 Is
1768 353 1967 417 etiam
2022 351 2328 435 queritur

295 440 705 505 condiciones
761 461 912 504 suas
968 441 1370 524 repudiatae,
1426 460 1667 523 aequas
1723 441 1984 524 quidem
2034 443 2100 504 et
2133 461 2326 503 ‚vere-

294 528 567 611 cundas,
618 531 694 592 ut
747 528 1020 593 haberet
1073 527 1358 593 Galliam
1411 529 1715 593 ultimam
1771 528 2183 612 aptissimam
2240 528 2325 591 ad

293 616 540 680 bellum
603 616 1043 681 renovandum
1105 616 1685 700 instruendumque
1746 615 2180 699 provinciam,
2245 618 2325 679 ut

294 700 586 767 Alaudae
631 702 702 767 in
746 703 946 768 tertia
993 705 1250 771 decuria
1295 704 1672 788 iudicarent,
1727 704 1792 768 id
1839 708 1939 768 est
1983 708 2061 768 ut
2102 702 2324 787 perfu-
2372 729 2397 768 ⁵

294 791 478 877 gium
541 791 857 856 scelerum
912 796 1085 857 esset
1139 796 1360 857 tutum
1413 791 1814 877 turpissimis
1869 790 1965 855 rei
2016 791 2327 875 publicae

295 879 616 962 sordibus,
651 884 727 945 ut
764 882 912 945 acta
944 902 1062 945 sua
1089 885 1236 944 rata
1263 883 1499 965 essent,
1536 879 1717 945 cuius
1746 880 1998 944 nullum
2023 883 2329 944 remanet

298 966 676 1032 consulatus
724 968 1094 1053 vestigium.
1176 966 1468 1035 Cavebat
1503 968 1703 1032 etiam
1739 966 1811 1031 L.
1849 967 2159 1052 Antonio,
2206 967 2329 1051 qui

294 1053 510 1119 fuerat
557 1055 988 1139 aequissimus
1035 1056 1179 1141 agri
1222 1056 1465 1139 privati
1511 1061 1578 1120 et
1614 1055 1862 1139 publici
1907 1055 2328 1138 decempeda-

207 1155 275 1203 38
295 1146 403 1206 tor
437 1142 697 1209 Nucula
741 1147 809 1207 et
843 1142 1136 1208 Lentone
1184 1144 1453 1229 collega.
1538 1142 1808 1219 ‘Quam
1856 1145 1949 1207 ob
1988 1165 2145 1208 rem
2182 1164 2325 1208 vos
2355 1170 2406 1210 w

294 1231 559 1314 potius
608 1231 1240 1315 animadvertite,
1294 1236 1554 1296 utrum
1600 1231 1706 1296 sit
1752 1230 2196 1316 elegantius
2245 1235 2329 1295 et

294 1318 656 1402 partibus
738 1319 1046 1402 utilius,
1127 1318 1469 1384 Treboni
1554 1323 1881 1384 mortem
1952 1319 2326 1403 persequi

298 1428 392 1470 an
438 1406 822 1489 Caesaris,
881 1411 955 1471 et
1001 1410 1257 1471 utrum
1305 1406 1413 1472 sit
1458 1407 1805 1492 aequius,
1857 1428 2327 1472 concurrere

295 1515 463 1577 nos,
546 1516 694 1578 quo
776 1493 1098 1560 facilius
1170 1495 1600 1560 reviviscat
1670 1493 2327 1579 Pompeianorum

297 1603 526 1647 causa
571 1582 866 1647 totiens
912 1582 1296 1668 iugulata,
1343 1604 1435 1647 an
1473 1582 1944 1666 consentire,
1987 1601 2077 1646 ne
2121 1581 2403 1648 ludi-1⁵

295 1669 466 1734 brio
525 1670 763 1733 simus
820 1669 1214 1753 inimicis,’
1273 1707 1359 1717 —
1408 1668 1479 1735 Si
1534 1674 1707 1735 esset
1762 1670 2085 1755 iugulata,
2137 1692 2326 1734 num-

299 1778 498 1840 quam
525 1762 896 1842 exurgeret3
925 1759 1100 1841 quod
1128 1758 1252 1822 tibi
1282 1758 1541 1843 tuisque
1570 1758 1929 1844 contingat.
1975 1756 2326 1841 ‘Utrum’,

296 1845 538 1929 inquit,
594 1844 1116 1930 ‘elegantius'
1207 1844 1417 1931 Atqui
1468 1846 1595 1911 hoc
1647 1846 1821 1911 bello
1868 1846 1945 1910 de
1993 1845 2328 1931 elegantia

213 1949 278 1998 89
300 1934 656 2018 quaeritur!
715 1933 1261 2019 ‘partibusque
1314 1933 1648 2001 utilius’.
1746 1933 2003 2019 Partes,
2056 1933 2326 2018 furiose,

298 2022 601 2087 dicuntur
659 2022 730 2088 in
791 2022 955 2107 foro,
1013 2023 1084 2087 in
1147 2023 1342 2088 curia
1440 2021 1699 2087 Bellum
1748 2026 1984 2087 contra
2035 2023 2327 2106 patriam
2354 2049 2407 2089 20

294 2109 615 2174 nefarium
673 2111 1045 2196 suscepisti,
1101 2132 1439 2197 oppugnas
1485 2110 1835 2195 Mutinam,
1890 2110 2325 2176 circumsedes

297 2199 629 2261 consulem
676 2199 1118 2283 designatum,
1164 2200 1411 2263 bellum
1458 2204 1685 2264 contra
1730 2203 1798 2263 te
1845 2199 1971 2263 duo
2020 2199 2325 2263 consules

297 2289 536 2368 gerunt
582 2307 856 2369 cumque
901 2287 984 2350 iis
1024 2308 1145 2370 pro
1181 2291 1482 2369 praetore
1520 2286 1774 2371 Caesar,
1820 2290 2056 2352 cuncta
2091 2290 2327 2351 contra

299 2375 365 2435 te
420 2371 619 2435 Italia
682 2378 936 2437 armata
992 2378 1107 2438 est.
1209 2373 1384 2439 Istas
1440 2379 1518 2439 tu
1570 2378 1791 2459 partes
1846 2374 2069 2458 potius
2126 2396 2327 2457 quam

299 2482 338 2524 a
408 2460 652 2544 populo
728 2460 1025 2526 Romano
1099 2461 1527 2527 defectionem
1598 2462 1838 2528 vocas?
1947 2460 2326 2526 ‘Treboni
2353 2488 2405 2528 25

297 2552 627 2613 mortem
701 2569 795 2612 an
857 2548 1220 2614 Caesaris
1295 2549 1703 2634 persequi?
1811 2549 2096 2616 Treboni
2158 2550 2325 2614 satis

296 2636 625 2721 persecuti
689 2657 912 2701 sumus
971 2637 1162 2700 hoste
1227 2638 1513 2710 iudicato
1578 2637 1948 2722 Dolabella,
2020 2634 2324 2703 Caesaris

297 2745 474 2789 mors
534 2724 844 2789 facillime
901 2724 1265 2789 defenditur
1322 2726 1645 2791 oblivione
1701 2729 1767 2790 et
1821 2723 2101 2790 silentio.
2195 2723 2326 2790 Sed

296 2813 536 2891 videte,
602 2812 758 2896 quid
819 2812 1143 2877 moliatur.
1245 2812 1411 2878 Cum
1471 2817 1752 2878 mortem
1806 2811 2103 2878 Caesaris
2167 2813 2327 2878 ulci-

299 2902 602 2965 scendam
653 2905 873 2984 putat,
926 2904 1203 2965 mortem
1249 2901 1559 3001 proponit
1602 2923 1736 2967 non
1778 2900 1862 2966 iis
1913 2901 2154 2984 solum,
2210 2902 2327 2985 qui
2355 2927 2407 2966 so

199 3047 277 3110 19
296 2988 481 3052 illam
518 3009 656 3052 rem
693 2992 1054 3074 gesserunt,
1101 2988 1266 3053 sed
1249 2989 1331 3052 iis
1378 2989 1594 3073 etiam,
1636 2989 1692 3054 si
1730 2990 1843 3073 qui
1876 3008 2011 3053 non
2046 2989 2325 3053 moleste

209 3137 278 3185 40
245 3075 1140 3247 ⁰l3¹553nssutu311²132b¹²2⁸;t‚
1170 3040 2325 3265 “ζὶζᾱ“ἓξέἱῗῇηῗξὲᾶὲἔίιῖἷέ

295 3252 472 3349 ipsa
516 3251 865 3318 Fortuna
918 3252 1232 3336 vitavit,
1287 3275 1377 3316 ne
1435 3252 1735 3317 videret
1780 3252 2005 3317 unius
2053 3273 2325 3336 corpo-

297 3337 408 3402 ris
489 3338 674 3402 duas
750 3339 960 3403 acies
1031 3339 1327 3403 lanista
1400 3338 1768 3404 Cicerone
1842 3339 2405 3424 dimicantis,35

300 3423 431 3504 qui
492 3446 735 3508 usque
799 3447 883 3490 eo
947 3426 1137 3490 felix
1192 3430 1337 3508 est,
1400 3430 1487 3490 ut
1540 3427 1781 3492 isdem
1841 3427 2323 3492 ornamentis

299 3508 694 3591 deceperit
785 3533 947 3595 vos,
1039 3513 1321 3598 quibus
1418 3513 1820 3598 deceptum
1912 3511 2325 3578 Caesarem
