2550 3875
927 607 1022 682 M.
1082 605 1369 680 TULLI
1425 541 1937 680 CICERONIS·

717 807 925 891 PRO
994 805 1153 891 CN.
1220 804 1673 890 PLANCIO
1739 803 2149 890 ORATIO.

1332 1009 1535 1018 -——

597 1173 1169 1236 ARGUMENTUM
1215 1171 1768 1232 SCHOLIASTAE
1813 1170 2261 1232 BOBIENSIS.

553 1307 637 1363 M.
727 1308 950 1362 Tullius
1039 1308 1343 1363 orationem
1424 1308 1697 1362 Iuventam
1776 1305 1843 1359 L.
1927 1303 2177 1360 Domitio
2260 1306 2447 1376 Appio
2544 1265 2546 1268 Α

409 1376 650 1432 Claudio
701 1394 843 1432 coss.
901 1377 1078 1432 etiam
1123 1393 1226 1447 pro
1274 1376 1382 1430 hoc
1428 1375 1523 1430 Cn.
1562 1373 1794 1430 Plancio
1841 1373 2010 1442 dixit,
2058 1374 2156 1444 qui
2200 1391 2331 1430 reus
2379 1377 2445 1431 de

410 1447 703 1503 sodaliciis
747 1447 964 1517 petitus
1011 1450 1101 1502 est
1136 1447 1265 1516 lege
1301 1446 1545 1514 Licinia,
1590 1463 1765 1516 quam
1798 1445 1876 1500 M.
1912 1445 2162 1500 Licinius
2199 1444 2445 1514 Crassus,

409 1518 647 1588 Pompei
677 1518 875 1587 Magni
912 1517 1152 1588 collega,
1190 1517 1251 1572 in
1291 1517 1590 1572 consulatu
1627 1534 1729 1572 suo
1758 1515 2015 1587 pertulit,
2053 1519 2119 1570 ut
2160 1517 2447 1572 severissi-

408 1606 501 1643 me
549 1591 916 1658 quaereretur
960 1589 1022 1643 in
1068 1605 1164 1643 eos
1213 1588 1575 1656 candidatos,
1623 1587 1723 1658 qui
1770 1587 1883 1641 sibi
1929 1587 2335 1642 conciliassent
2381 1605 2451 1642 ea

409 1658 773 1729 potissimum
821 1659 891 1714 de
939 1675 1137 1726 causa,
1195 1662 1262 1713 ut
1304 1676 1409 1728 per
1452 1659 1583 1714 illos
1628 1657 1934 1728 pecuniam
1978 1657 2287 1712 tribulibus
2338 1658 2447 1713 dis·

409 1729 690 1799 pertirent
739 1747 804 1784 ac
852 1730 965 1784 sibi
1006 1733 1205 1785 mutuo
1255 1731 1454 1784 eadem
1492 1729 1925 1799 suffragationis
1972 1732 2199 1798 emptae
2234 1730 2451 1798 praesi-

411 1800 510 1855 dia
574 1800 1071 1857 communicarent.
1167 1800 1315 1854 Huic
1378 1799 1618 1856 factioni
1680 1799 2023 1855 coercendae
2086 1798 2234 1869 legis
2299 1800 2453 1855 lator

417 1872 651 1926 Crassus
719 1871 1071 1939 existimavit
1125 1870 1303 1926 etiam
1355 1889 1536 1942 genus
1589 1870 1791 1926 iudicii
1839 1871 2021 1924 multo
2074 1870 2452 1941 periculosius

409 1943 880 2013 comparandum,
929 1946 996 1998 ut
1041 1943 1193 2012 apud
1237 1942 1455 1998 iudices
1495 1942 1757 1997 editicios
1796 1944 2216 2009 accusarentur,
2264 1942 2328 1995 id
2364 1946 2453 1997 est

411 2017 479 2068 ut
512 2030 615 2083 pro
651 2012 948 2068 voluntate
987 2014 1334 2068 accusatoris
1370 2014 1673 2069 ederentur
1706 2012 1908 2080 tribus,
1948 2028 2017 2066 ex
2044 2012 2251 2081 quibus
2279 2028 2453 2068 unam
2548 2022 2550 2035 '

409 2088 638 2140 tantum
680 2085 850 2140 modo
897 2084 1109 2139 reicere
1154 2087 1352 2154 posset
1394 2101 1551 2152 reus,
1596 2085 1668 2139 de
1712 2083 1949 2151 reliquis
1996 2086 2187 2137 autem
2231 2083 2453 2138 iudices

411 2156 760 2211 haberentur
795 2154 993 2223 utique
1029 2153 1392 2209 infestissimi
1428 2172 1658 2211 causam
1694 2153 2033 2220 dicentibus,
2069 2156 2271 2223 utpote
2308 2172 2452 2223 quos
2548 2190 2550 2193 ⁴

413 2227 710 2281 accusator
747 2226 819 2279 ad
854 2225 1212 2281 voluntatem
1248 2242 1409 2280 suam
1443 2224 1820 2295 praelegisset
1846 2225 2066 2279 edendo
2096 2241 2193 2279 eas
2220 2224 2455 2294 potissi-

411 2314 569 2350 mum
613 2296 824 2362 tribus,
871 2313 1012 2365 quas
1059 2312 1156 2351 reo
1201 2296 1389 2350 minus
1436 2312 1649 2365 aequas
1695 2296 1817 2351 fore
1865 2294 2255 2350 arbitraretur.
2342 2296 2457 2351 Sed

420 2367 572 2421 enim
609 2366 706 2422 Cn.
744 2365 980 2421 Plancio
1019 2384 1239 2421 summa
1275 2369 1337 2421 et
1372 2366 1642 2437 religiosa
1677 2383 1804 2420 cum
1830 2365 1907 2419 M.
1936 2364 2124 2421 Tullio
2151 2365 2455 2421 familiari-

413 2441 503 2493 tas
559 2440 684 2492 erat
705 2438 710 2443 ’
734 2437 1025 2491 beneficiis
1071 2454 1185 2491 non
1227 2436 1608 2491 mediocribus
1655 2437 1935 2507 copulata.
2017 2436 2169 2490 Nam
2214 2454 2346 2491 cum
2390 2438 2455 2492 P.

413 2507 603 2575 Clodi,
651 2508 868 2562 tribuni
909 2506 1093 2577 plebi,
1140 2507 1361 2562 inimici
1407 2508 1518 2575 sui,
1567 2510 1694 2577 lege
1732 2524 1882 2576 aqua
1929 2508 1989 2561 et
2022 2506 2149 2576 igni
2184 2506 2457 2561 interdic-

413 2582 508 2634 tus
545 2579 684 2633 urbe
722 2578 988 2633 cessisset
1023 2581 1084 2632 et
1119 2577 1512 2633 Macedoniam
1548 2578 1815 2648 petisset,
1854 2576 2029 2631 nullis
2068 2593 2233 2647 opem
2271 2578 2458 2633 feren-

412 2649 597 2717 tibus,
646 2648 744 2718 qui
783 2648 1116 2703 Clodianam
1162 2649 1484 2718 potentiam
1518 2649 1769 2718 graviter
1804 2648 2278 2715 extimescebant,
2325 2667 2459 2719 pro·

414 2720 536 2774 lixa
569 2719 930 2790 benignitate
968 2722 1028 2773 et
1062 2720 1173 2773 fide
1209 2736 1326 2773 non
1359 2719 1576 2773 minore
1606 2718 1922 2787 quaestoris
1958 2717 2055 2773 Cn.
2094 2719 2296 2774 Planci
2334 2738 2459 2775 sus-

412 2794 672 2846 tentatus
737 2793 840 2845 est.
932 2790 1038 2845 Illo
1099 2789 1311 2859 quippe
1378 2806 1524 2843 anno
1590 2789 1694 2844 sub
1755 2789 1816 2845 L.
1883 2788 2124 2858 Apuleio
2188 2793 2459 2859 praetore

456 2864 724 2916 uaestura
789 2859 1055 2915 Plancius
1119 2860 1180 2914 in
1241 2860 1578 2916 Macedonia
1638 2859 2002 2929 fungebatur.
2101 2859 2213 2913 Diu
2276 2860 2462 2930 igitur

461 2931 854 2987 hessalonicae
907 2931 1020 2985 fuit
1065 2930 1279 2985 auxilio
1328 2931 1449 2985 eius
1500 2932 1571 2985 ab
1618 2930 1772 2985 omni
1816 2929 2070 3000 periculo
2116 2930 2461 2986 insidiarum

415 3003 612 3057 Cicero
661 3001 944 3057 defensus.
1018 3001 1166 3056 Dein
1209 3005 1414 3071 postea
1459 3001 1758 3055 restitutus
1804 3002 1955 3055 inter
1989 3003 2206 3056 ceteros
2246 3005 2307 3055 et
2342 3002 2461 3073 ipsi

416 3073 636 3143 gratias
704 3072 825 3142 egit
887 3072 960 3125 iis
1027 3072 1407 3138 orationibus,
1473 3089 1708 3140 quarum
1759 3071 1999 3126 alteram
2052 3071 2115 3126 in
2171 3072 2461 3141 contione,

417 3146 660 3198 alteram
704 3159 838 3197 vero
885 3142 1092 3197 habuit
1137 3142 1199 3195 in
1245 3144 1462 3196 senatu.
1538 3141 1722 3196 Causa
1765 3143 1981 3223 pendet
2026 3158 2095 3196 ex
2140 3142 2463 3198 aedilitatis

459 3214 724 3279 stitione,
778 3213 840 3267 in
896 3230 1010 3281 qua
1065 3212 1398 3281 designatus
1455 3215 1545 3266 est
1588 3213 1853 3267 Plancius
1906 3212 2195 3282 repulsam
2238 3214 2464 3269 ferente

446 3286 675 3338 uventio
704 3283 1010 3338 Laterense
1047 3281 1326 3364 patriciae
1363 3282 1634 3349 familiae,
1673 3286 1935 3338 senatore
1970 3300 2086 3338 non
2121 3285 2339 3339 minore
2377 3285 2465 3338 fa-

418 3353 628 3408 cundia
665 3369 836 3421 quam
873 3370 1098 3422 genens
1135 3352 1439 3407 nobilitate
1476 3352 1755 3422 praedito,
1793 3353 1895 3422 qui
1920 3371 2069 3407 nunc
2099 3353 2275 3409 etiam
2300 3372 2467 3411 reum

420 3424 491 3477 de
541 3423 830 3477 sodaliciis
877 3423 1021 3478 facit
1048 3421 1328 3477 invidioso
1368 3422 1602 3477 crimine
1640 3426 1700 3478 et
1734 3424 1847 3479 reis
1882 3425 2189 3479 metuendo
2225 3429 2471 3497 propter

419 3492 639 3547 iudices
679 3493 968 3563 editicios,
1019 3494 1088 3549 de
1125 3509 1365 3562 quorum
1402 3493 1733 3549 condicione
1771 3512 1943 3564 supra
1979 3494 2242 3550 diximus.
2300 3498 2469 3551 Prin-
