2550 3875
196 104 229 121 N

798 167 955 223 CAP.
992 172 1201 223 38—39
1240 174 1271 234 5
1309 172 1536 223 80-85.
2085 166 2170 231 37

145 328 443 411 vixisset,
488 328 836 413 aliquando
876 332 1097 394 statua
1130 329 1283 394 huic
1321 329 1405 395 ob
1442 352 1582 394 rem
1615 330 1945 430 publicam
1980 330 2176 395 inter-

144 416 382 482 fecto
364 439 435 479 1n
469 416 613 481 foro
652 421 1068 482 statueretur.
1150 416 1216 481 N
1218 439 1292 481 ec
1328 438 1480 483 vero
1517 417 1782 483 illorum
1814 418 2176 501 quisquam,

146 526 319 589 quos
376 526 415 567 a
463 504 822 570 maioribus
866 505 1114 569 nostris
1160 509 1372 570 morte
1418 506 1603 570 obita
1646 506 1898 589 positos
1944 506 2014 569 in
2057 506 2174 570 illo

143 594 297 657 loco
337 596 534 675 atque
571 592 642 657 in
675 593 911 658 rostris
950 593 1324 657 conlocatos
1360 594 1611 676 videtis,
1649 597 1823 658 esset
1856 593 1929 657 P.
1959 591 2172 658 Sestio

86 701 116 741 5
145 685 267 745 aut
305 680 663 745 acerbitate
699 681 934 746 mortis
972 684 1087 746 aut
1124 682 1339 746 animo
1375 681 1446 745 in
1473 704 1612 745 rem
1638 681 1970 766 publicam
1995 703 2175 765 prae·-

142 768 514 853 ponendus3
570 769 681 852 qui
737 791 885 833 cum
938 791 1201 834 causam
1254 769 1415 834 civis
1467 770 1858 853 calamitosi,
1913 790 2175 835 causam

145 857 365 939 amici,
403 877 664 921 causam
700 858 864 921 bene
901 858 979 922 de
1016 878 1085 921 re
1122 857 1388 940 publica
1421 858 1658 941 meriti,
1700 879 1961 924 causam
1997 879 2175 922 sena-

144 950 287 1027 tus,
344 966 606 1010 causam
650 944 911 1028 Italiae,
968 967 1231 1011 causam
1279 946 1376 1010 rei
1420 946 1718 1029 publicae
1765 946 2176 1029 suscepisset,

145 1054 429 1117 cumque
466 1032 773 1117 auspiciis
806 1033 1236 1118 religionique
1263 1054 1499 1117 parens
1530 1034 1964 1116 obnuntiaret,
2003 1035 2175 1117 quod

63 1145 115 1183 ιο
146 1124 471 1204 senserat,
534 1120 677 1185 luce
739 1122 959 1205 palam
1020 1143 1059 1184 a
1110 1121 1380 1185 nefariis
1433 1121 1730 1204 pestibus
1784 1122 1854 1185 in
1907 1122 2175 1187 deorum

140 1209 616 1290 hominumque
682 1213 1035 1293 conspectu
1102 1213 1275 1274 esset
1332 1208 1582 1274 occisus
1638 1210 2051 1275 sanctissimo
2107 1210 2175 1273 in

142 1297 429 1380 templo,
493 1296 905 1364 sanctissima
968 1298 1039 1361 in
1097 1318 1292 1361 causa
1302 1348 1320 1380 ,
1385 1297 1797 1362 sanctissimo
1853 1297 1924 1361 in
1975 1298 2175 1382 magi-

142 1388 385 1451 stratu.
476 1384 639 1450 Eius
680 1384 887 1470 igitur
922 1385 1127 1450 vitam
1165 1386 1510 1470 quisquam
1545 1385 1954 1469 spoliandam
1993 1407 2175 1450 orna-

142 1472 393 1538 mentis
432 1494 572 1537 esse
608 1472 799 1557 dicet,
836 1474 1018 1537 cuius
1055 1477 1336 1537 mortem
1373 1474 1728 1538 ornandam
1755 1478 2174 1539 monumento

58 1584 115 1625 15
145 1559 553 1643 sempiterno
598 1561 970 1645 putaretis?
2195 1606 2280 1672 39

286 1646 649 1713 Homines'
652 1650 949 1733 ,inquit,
994 1649 1255 1735 emisti,
1293 1650 1588 1750 coegisti,
1623 1648 1914 1734 parasti?
2006 1649 2264 1747 Quid34

143 1738 253 1803 uti
308 1736 597 1801 faceret?
650 1742 950 1801 senatum
1006 1738 1358 1823 opsideret,
1415 1738 1576 1803 civis
1620 1738 2028 1803 indemnatos
2075 1760 2176 1802 ex-

142 1824 445 1910 pelleret,
489 1825 664 1900 bona
707 1824 1035 1909 diriperet,
1082 1825 1259 1890 aedis
1295 1826 1686 1910 incenderet,
1729 1830 1908 1890 tecta
1942 1826 2177 1890 distur-

144 1915 369 1997 baret,
426 1912 672 1997 templa
720 1914 989 1979 deorum
1033 1913 1504 1978 immortalium
1549 1914 2010 1999 inflammaret,
2065 1915 2176 1979 tri-

52 2027 115 2066 20
144 2004 365 2067 bunos
410 2001 499 2085 pl.
543 2002 717 2066 ferro
763 2023 800 2066 e
848 2003 1083 2068 rostris
1130 2003 1510 2086 expelleret,
1564 2003 1958 2086 provincias,
2015 2023 2174 2086 quas

143 2090 371 2173 vellet,
418 2091 653 2173 quibus
688 2090 905 2174 vellet,
950 2091 1272 2173 venderet,
1318 2111 1508 2175 reges
1545 2091 1920 2174 appellaret,
1960 2112 2176 2154 rerum

144 2177 535 2262 capitalium
590 2179 1054 2244 condemnatos
1100 2178 1170 2242 in
1210 2179 1455 2243 liberas
1502 2178 1800 2244 civitates
1843 2199 1962 2262 per
2003 2178 2176 2264 lega-

141 2273 261 2332 tos
303 2269 570 2330 nostros
615 2267 969 2350 reduceret,
1014 2267 1377 2351 principem
1423 2266 1711 2332 civitatis
1750 2266 1924 2331 ferro
1963 2287 2176 2350 opses-

140 2376 299 2420 sum
344 2354 641 2418 teneret?
730 2353 914 2420 Haec
956 2359 1031 2418 ut
1078 2353 1333 2420 efficere
1377 2358 1619 2439 posset,
1667 2376 1830 2438 quae
1869 2355 2011 2418 fieri
2047 2355 2176 2418 nisi

52 2467 112 2508 25
143 2441 356 2507 armis
416 2462 727 2526 oppressa
779 2463 849 2506 re
903 2443 1169 2526 publica
1218 2443 1400 2508 nullo
1455 2443 1649 2507 modo
1698 2447 2030 2527 poterant,
2084 2443 2177 2507 id-

143 2532 329 2596 circo
338 2579 356 2612 ,
411 2530 629 2614 cred0,
682 2551 948 2594 manum
1000 2531 1127 2596 sibi
1182 2530 1253 2594 P.
1304 2529 1554 2596 Sestius
1611 2535 1678 2594 et
1733 2531 1952 2614 copias
2007 2553 2176 2596 com-
2229 2557 2233 2562 ·

140 2618 431 2703 paravit.
520 2617 639 2682 ‘At
676 2618 965 2683 nondum
1002 2623 1143 2683 erat
1178 2624 1526 2701 maturum,
1570 2619 1858 2683 nondum
1893 2640 1998 2683 res
2033 2620 2177 2703 ipsa

143 2707 233 2775 ad
317 2705 456 2770 eius
528 2706 705 2771 modi
776 2706 1101 2790 praesidia
1172 2707 1348 2772 viros
1420 2708 1630 2772 bonos
1702 2707 2175 2791 compellebat?

141 2795 338 2860 Pulsi
398 2815 519 2858 nos
585 2815 841 2859 eramus
893 2816 1027 2861 non
1082 2795 1346 2860 omnino
1399 2795 1532 2859 ista
1584 2816 1782 2860 manu
1831 2794 1998 2879 sola,
2063 2796 2176 2859 sed

46 2911 115 2950 so
142 2889 377 2947 tamen
424 2903 557 2946 non
602 2883 741 2946 sine
787 2882 941 2966 ista3
997 2904 1113 2947 vos
1158 2883 1349 2947 taciti
1392 2883 1801 2948 maerebatis.
1893 2881 2174 2966 Captum
2193 2895 2264 2946 85

144 2975 297 3036 erat
358 2969 576 3036 forum
640 2993 809 3034 anno
874 2971 1206 3054 superiore
1270 2971 1424 3034 aede
1485 2969 1777 3036 Castoris
1841 2976 2176 3054 tamquam

144 3081 298 3124 arce
366 3057 586 3142 aliqua
646 3081 689 3122 a
746 3058 1047 3144 fugitivis
1102 3063 1444 3144 occupata3
1507 3059 1839 3124 silebatur.
1941 3058 2178 3123 Omnia

142 3146 495 3214 hominum
548 3168 695 3211 cum
750 3151 1043 3232 egestate
1097 3151 1241 3212 tum
1291 3146 1558 3211 audacia
1601 3147 2006 3231 perditorum
2053 3147 2176 3210 cla-

144 3257 360 3319 more,
425 3256 769 3319 concursu,
832 3235 925 3319 vi,
988 3257 1184 3299 manu
1248 3236 1670 3320 gerebantur3
1731 3234 2176 3334 per-ferebatis.

40 3349 115 3392 85
146 3324 587 3409 Magistratus
632 3323 895 3406 templis
940 3323 1371 3407 pellebantur,
1417 3323 1530 3387 alii
1578 3323 1840 3387 omnino
1883 3323 2064 3387 aditu
2101 3345 2176 3388 ac

146 3413 295 3477 foro
348 3411 893 3495 prohibebantur3
944 3433 1137 3476 nemo
1182 3411 1549 3476 resistebat.
1643 3409 2052 3475 Gladiatores
2098 3433 2176 3475 ex

146 3499 477 3586 praetoris
532 3499 851 3564 comitatu
904 3499 1269 3585 conprensi,
1335 3501 1405 3563 in
1458 3502 1756 3564 senatum
1804 3498 2178 3582 introducti,
