2550 3875
991 118 1525 174 ARGUMENTUM.
2100 122 2229 187 277

199 278 450 335 occisum
489 293 628 346 esse,
666 276 1006 346 anulumque
1043 278 1215 349 [eius]
1255 276 1311 331 ei
1345 276 1611 331 morienti
1651 281 1993 346 extractum;
2030 279 2231 334 deinde

203 349 504 417 Milonem,
556 364 683 402 cum
741 347 913 401 sciret
965 347 1026 401 in
1081 348 1305 401 Albano
1360 348 1443 402 ali
1485 346 1783 415 parvulum
1825 348 2005 401 filium
2051 348 2231 418 Clodi,

197 420 426 474 venisse
481 419 555 473 ad
608 417 832 487 villam,
889 421 949 472 et
1001 434 1131 472 cum
1185 434 1326 487 puer
1379 421 1511 472 ante
1559 418 1881 473 subtractus
1932 421 2108 488 esset,
2164 436 2233 473 ex

201 506 367 546 servo
404 488 671 544 Halicore
719 488 1110 555 quaestionem
1159 488 1244 542 ita
1281 488 1572 555 habuisse,
1622 491 1688 542 ut
1723 505 1853 543 eum
1890 489 2232 544 articulatim

201 563 593 626 consecarent3
644 558 878 614 vilicum
924 561 984 613 et
1029 559 1169 613 duos
1256 560 1517 619 raeterea
1561 575 1751 614 servos
1797 559 2111 629 iugulasse;
2164 576 2234 614 ex

202 630 384 687 servis
432 629 619 697 Clodi,
668 630 766 697 qui
811 629 1102 683 dominum
1149 629 1218 682 de
1245 629 1533 695 enderint,
1580 628 1843 685 undecim
1890 646 2013 685 esse
2058 630 2229 685 inter-

197 704 410 770 fectos,
481 700 712 755 Milonis
778 699 918 754 duos
985 698 1138 754 solos
1205 699 1428 754 saucios
1484 698 1669 754 factos
1734 716 1881 766 esse;
1948 701 2021 755 ob
2086 717 2232 770 quae

197 772 473 827 Milonem
527 773 756 841 postero
804 769 897 824 die
943 768 1242 825 duodecim
1290 786 1482 824 servos
1496 811 1511 837 ,
1566 770 1665 839 qui
1710 772 1952 825 maxime
2003 787 2231 841 operam

196 844 526 909 navassent‚
563 857 736 895 manu
771 840 994 895 misisse
1031 840 1357 910 populoque
1394 839 1653 894 tributim
1690 842 1917 911 singula
1950 841 2113 896 milia
2140 858 2232 896 ae·

196 912 282 967 ris
327 913 401 967 ad
447 911 828 967 defendendos
874 911 946 965 de
996 928 1054 966 se
1100 926 1351 965 rumores
1398 910 1638 966 dedisse.
1712 911 1851 965 Milo
1896 911 2119 967 misisse
2157 912 2233 967 ad

202 984 303 1038 Cn.
341 981 672 1051 Pompeium
710 982 1028 1049 dicebatur,
1067 980 1167 1049 qui
1203 982 1468 1051 Hypsaeo
1507 997 1722 1035 summe
1759 981 2041 1051 studebat,
2079 984 2234 1052 quod

197 1054 390 1108 fuerat
435 1055 555 1107 eius
603 1056 892 1121 quaestor,
941 1051 1214 1107 desistere
1253 1069 1315 1107 se
1350 1052 1628 1121 petitione
1666 1053 2017 1121 consulatus,
2065 1054 2114 1107 si
2149 1054 2234 1107 ita

199 1124 257 1179 ei
302 1124 604 1179 videretur.
676 1122 1004 1193 Pompeium
1038 1122 1397 1193 respondisse
1432 1122 1648 1176 nemini
1685 1139 1745 1177 se
1779 1139 1964 1192 neque
1999 1124 2234 1193 petendi

196 1211 386 1263 neque
431 1193 745 1249 desistendi
791 1198 1080 1247 auctorem
1133 1208 1258 1247 esse
1310 1208 1492 1260 neque
1539 1193 1738 1262 populi
1782 1194 2025 1247 Romani
2067 1196 2233 1263 pote-

199 1268 412 1320 statem
449 1267 550 1319 aut
585 1263 824 1319 consilio
862 1266 965 1317 aut
1000 1263 1287 1317 sententia
1323 1262 1828 1331 interpellaturum.
1883 1264 2101 1318 Deinde
2128 1280 2233 1334 per

197 1335 259 1391 O.
308 1334 610 1401 Lucilium,
661 1334 760 1402 qui
807 1336 1042 1403 propter
1075 1334 1152 1389 M.
1191 1332 1477 1388 Ciceronis
1524 1334 1971 1389 familiaritatem
2017 1335 2233 1389 amicus

199 1408 328 1461 erat
363 1405 594 1471 Miloni,
641 1404 825 1473 egisse
864 1420 1082 1473 quoque
1120 1404 1440 1471 dicebatur,
1477 1420 1549 1458 ne
1586 1420 1647 1459 se
1686 1405 1755 1459 de
1791 1404 1898 1458 hac
1935 1422 1995 1460 re
2032 1421 2234 1460 consu-

197 1478 370 1531 lendo
408 1475 627 1530 invidia
663 1479 938 1530 oneraret.

343 1546 500 1599 Inter
542 1546 684 1601 haec
728 1562 857 1599 curn
901 1545 1278 1600 crebresceret
1324 1560 1515 1598 rumor
1552 1544 1649 1600 Cn.
1688 1546 2009 1615 Pompeium
2046 1546 2227 1600 creari

197 1616 541 1671 dictatorem
587 1618 846 1686 oportere
888 1632 1071 1684 neque
1117 1615 1287 1670 aliter
1329 1615 1485 1669 mala
1535 1614 1788 1670 civitatis
1827 1617 2013 1670 sedari
2047 1633 2231 1685 posse,

197 1688 386 1741 visum
433 1689 522 1741 est
566 1685 936 1756 optimatibus
972 1686 1153 1741 tutius
1191 1702 1314 1741 esse
1350 1702 1480 1740 eum
1516 1686 1805 1741 consulem
1843 1686 1966 1741 sine
2006 1688 2230 1757 collega

199 1757 408 1825 creari,
455 1759 516 1811 et
557 1774 686 1811 cum
736 1759 986 1811 tractata
1031 1772 1102 1811 ea
1144 1772 1234 1810 res
1282 1759 1433 1811 esset
1476 1755 1540 1809 in
1586 1759 1813 1824 senatu,
1850 1757 2007 1812 facto
2054 1757 2117 1811 in
2155 1758 2231 1813 M.

198 1828 395 1882 Bibuli
443 1828 782 1882 sententiam
818 1826 872 1883 S.
913 1828 971 1883 Ο.
1008 1826 1310 1897 Pompeius
1359 1827 1431 1881 ab
1469 1826 1754 1897 interrege
1793 1827 1944 1884 Serv.
1984 1827 2233 1897 Sulpicio

198 1898 254 1954 V
289 1898 418 1954 Kal.
453 1898 620 1954 Mart.
665 1914 859 1953 mense
905 1897 1269 1953 intercalario
1309 1897 1505 1952 consul
1544 1901 1765 1953 creatus
1804 1900 1891 1954 est
1928 1900 2233 1967 statimque

199 1969 560 2026 consulatum
603 1970 750 2026 iniit.
821 1969 1041 2024 Deinde
1077 1972 1210 2039 post
1247 1969 1397 2023 diem
1434 1969 1668 2023 tertium
1705 1969 1775 2024 de
1809 1969 2033 2039 legibus
2071 1970 2232 2024 novis

197 2040 450 2096 ferendis
495 2040 744 2107 rettulit3
793 2041 934 2094 duas
983 2056 1051 2094 ex
1099 2039 1154 2096 S.
1192 2038 1249 2093 C.
1299 2039 1707 2110 promulgavit,
1755 2040 1995 2094 alteram
2040 2041 2111 2094 de
2155 2040 2231 2108 vi,

199 2128 314 2180 qua
365 2111 708 2166 nominatim
765 2111 995 2165 caedem
1043 2110 1106 2164 in
1158 2109 1347 2179 Appia
1396 2109 1493 2164 via
1546 2111 1758 2165 factam
1804 2115 1864 2166 et
1905 2110 2232 2166 incendium

200 2181 394 2236 curiae
434 2184 493 2237 et
529 2182 757 2236 domum
783 2183 858 2236 Μ.
887 2180 1090 2250 Lepidi
1125 2179 1427 2250 interregis
1455 2183 1843 2250 oppugnatam
1870 2182 2231 2262 comprehen-

200 2251 313 2319 dit,
361 2254 601 2307 alteram
646 2252 716 2306 de
762 2251 982 2305 ambitu
1069 2266 1212 2306 oena
1254 2252 1517 2320 graviore
1565 2254 1625 2306 et
1678 2252 1860 2306 forma
1894 2251 2231 2306 iudiciorum

205 2323 482 2378 breviore.
557 2322 808 2390 Utraque
846 2321 996 2376 enim
1057 2338 1127 2376 ex
1162 2321 1318 2392 prius
1355 2323 1530 2376 testes
1568 2322 1708 2389 dari,
1746 2323 1950 2377 deinde
1987 2340 2099 2377 uno
2137 2324 2231 2378 die

200 2394 376 2460 atque
425 2393 624 2448 eodem
671 2395 730 2446 et
775 2392 848 2446 ab
886 2393 1214 2446 accusatore
1251 2394 1311 2446 et
1348 2409 1383 2446 a
1417 2408 1512 2447 reo
1550 2393 1804 2462 perorari
1838 2393 2099 2463 iubebat,
2146 2394 2231 2448 ita

198 2466 268 2517 ut
303 2463 448 2518 duae
485 2464 659 2518 horae
697 2463 1039 2532 accusatori,
1083 2465 1200 2517 tres
1237 2478 1335 2517 reo
1374 2461 1657 2518 darentur.
1730 2464 1832 2518 His
1869 2464 2095 2534 legibus
2132 2466 2229 2519 ob-

197 2533 401 2588 sistere
437 2534 520 2589 Μ.·
551 2532 774 2588 Caelius
819 2536 890 2588 tr.
937 2534 1016 2603 pl.
1063 2531 1510 2587 studiosissimus
1557 2533 1787 2588 Milonis
1834 2537 2069 2589 conatus
2124 2538 2228 2602 est,

198 2604 354 2673 quod
394 2606 453 2657 et
485 2603 850 2674 privilegium
887 2603 1102 2659 diceret
1136 2605 1197 2659 in
1223 2603 1496 2658 Milonem
1530 2604 1666 2659 ferri
1693 2607 1754 2659 et
1776 2605 1989 2660 iudicia
2014 2605 2229 2674 praeci-

194 2673 389 2744 pitari.
479 2675 556 2730 Et
619 2691 746 2728 cum
795 2675 1138 2745 pertinacius
1192 2676 1380 2744 legem
1434 2673 1655 2730 Caelius
1708 2675 2085 2746 vituperaret,
2153 2692 2220 2731 eo

197 2745 481 2815 processit
516 2746 636 2800 irae
672 2743 991 2815 Pompeius,
1030 2747 1094 2799 ut
1131 2744 1363 2812 diceret,
1402 2745 1451 2800 si
1488 2748 1717 2800 coactus
1754 2749 1920 2813 esset,
1959 2763 2019 2800 se
2057 2746 2229 2800 armis

196 2832 320 2870 rem
355 2815 646 2885 publicam
682 2814 1058 2870 defensurum.
1122 2814 1388 2870 Timebat
1414 2817 1602 2870 autem
1630 2817 1931 2887 Pompeius
1958 2816 2229 2870 Milonem

197 2903 300 2942 seu
347 2888 545 2941 timere
593 2903 653 2942 se
699 2887 1028 2953 simulabat3
1072 2886 1405 2955 plerumque
1450 2903 1565 2941 non
1614 2887 1769 2941 domi
1815 2903 1976 2954 suae,
2024 2886 2125 2940 sed
2169 2888 2230 2940 in

194 2956 382 3011 hortis
419 2957 704 3025 manebat,
740 2957 910 3026 idque
945 2957 1136 3026 ipsum
1171 2957 1233 3010 in
1269 2955 1669 3026 superioribus,
1706 2960 1857 3012 circa
1883 2975 2022 3027 quos
2052 2957 2230 3011 etiam

193 3043 408 3097 magna
462 3043 663 3082 manus
719 3027 970 3081 militum
1025 3027 1360 3082 excubabat.
1452 3027 1722 3082 Senatum
1777 3043 1999 3097 quoque
2054 3027 2229 3082 semel

195 3101 431 3168 repente
470 3098 768 3152 dimiserat
796 3098 1112 3168 Pompeius,
1153 3098 1307 3165 quod
1344 3097 1559 3152 diceret
1593 3098 1795 3152 timere
1834 3114 1893 3152 se
1921 3098 2228 3152 adventum

193 3168 446 3224 Milonis.
524 3168 672 3222 Dein
715 3168 970 3236 proximo
1011 3170 1210 3222 senatu
1245 3167 1309 3223 P.
1348 3168 1677 3224 Cornificius
1713 3169 1924 3223 ferrum
1956 3168 2229 3223 Milonem

191 3241 348 3294 intra
382 3239 637 3293 tunicam
664 3238 874 3292 habere
904 3239 978 3292 ad
1004 3240 1186 3294 femur
1212 3238 1513 3308 alligatum
1542 3238 1786 3306 dixerat3
1823 3239 2229 3310 postulaverat,

193 3312 263 3365 ut
309 3311 492 3363 femur
536 3309 802 3374 nudaret;
855 3312 914 3363 et
967 3308 1068 3364 ille
1114 3309 1236 3364 sine
1282 3326 1443 3364 mora
1487 3309 1739 3364 tunicam
1776 3311 2011 3366 levarat.
2085 3311 2229 3365 Tum

191 3381 269 3436 M.
307 3379 505 3435 Cicero
552 3379 970 3435 exclamaverat
1015 3380 1206 3434 omnia
1238 3379 1331 3434 illi
1366 3379 1577 3434 similia
1614 3381 1851 3436 crimina
1888 3398 2035 3452 esse,
2083 3399 2229 3452 quae

189 3454 254 3506 in
291 3451 566 3506 Milonem
603 3451 923 3520 dicerentur
958 3451 1087 3508 alia.
