2550 3875
363 191 498 255 490
623 190 704 245 IN
741 190 816 246 Μ.
853 187 1248 244 ANTONIUM
1286 186 1557 242 ORATIO
1594 186 2007 242 PHILIPPICA
2040 186 2134 241 IX.

359 373 466 435 ea,
521 372 685 436 quae
733 350 859 415 sibi
909 350 1092 415 iussu
1137 354 1358 415 vestro
1406 350 1962 434 denuntiarentur,
2008 349 2431 414 auctoritate

364 442 553 505 erant
608 442 676 503 et
731 439 1056 503 sententia
1104 436 1238 503 Ser.
1289 436 1539 522 Sulpici
1586 438 1974 521 constituta,
2029 437 2429 521 declaravit,

365 549 564 611 quam
609 526 857 592 odisset
895 530 1212 609 senatum,
1259 548 1409 591 cum
1447 530 1785 591 auctorem
1822 529 2088 590 senatus
2126 526 2428 590 exstinc-

363 619 507 680 tum
562 615 733 679 laete
791 619 987 698 atque
1041 614 1402 679 insolenter
1454 614 1626 678 tulit.
1716 613 1783 678 N
1786 635 1873 677 on
1926 614 2132 698 igitur
2189 614 2425 699 magis

363 702 674 787 Leptines
713 700 1061 768 Octavium
1101 724 1222 767 nec
1258 702 1640 767 Veientium
1675 723 1789 766 rex
1826 724 1957 785 eos,
2003 723 2169 786 quos
2208 702 2422 767 modo
2474 728 2496 767 5

361 790 724 875 nominavi,
775 812 972 875 quam
1020 789 1156 855 Ser.
1205 789 1569 875 Sulpicium
1617 789 1858 856 occidit
1902 788 2255 854 Antonius.
2349 788 2423 853 Is

361 879 537 944 enim
587 878 884 963 profecto
932 882 1211 943 mortem
1258 878 1513 963 attulit,
1568 878 1684 962 qui
1730 899 1927 943 causa
1972 878 2211 942 mortis
2259 876 2421 941 fuit.

361 966 683 1043 Quocirca
746 967 949 1038 etiam
1012 967 1092 1030 ad
1157 966 1569 1050 posteritatis
1634 966 2020 1030 memoriam
2073 966 2419 1049 pertinere

363 1055 651 1120 arbitror
695 1059 937 1139 extare,
985 1054 1159 1139 quod
1202 1053 1405 1119 fuerit
1449 1055 1529 1118 de
1572 1054 1700 1120 hoc
1744 1053 1921 1118 bello
1958 1053 2280 1119 iudicium
2320 1075 2419 1119 se·

359 1147 574 1208 natuS.
653 1142 806 1207 Erit
851 1142 1025 1207 enim
1072 1145 1295 1207 statua
1329 1142 1478 1226 ipsa
1513 1142 1702 1206 testis
1739 1142 1988 1206 bellum
2024 1145 2165 1206 tam
2204 1163 2415 1227 grave
2440 1169 2486 1207 1⁰

361 1230 583 1316 fuisse,
628 1235 706 1296 ut
749 1230 956 1317 legati
1001 1230 1307 1295 interitus
1353 1230 1623 1295 honoris
1669 1230 2055 1295 memoriam
2102 1242 2417 1295 con‘secu-

300 1285 472 1423 ἕως
550 1319 656 1384 sit.
766 1317 1013 1394 Quodsi
1078 1318 1563 1384 excusationem
1628 1316 1763 1383 Ser.
1830 1316 2108 1402 Sulpici,
2179 1321 2414 1401 patres

365 1406 748 1491 conscripti,
829 1406 1182 1492 legationis
1255 1407 1589 1471 obeundae
1652 1406 1979 1472 recordari
2041 1406 2414 1490 volueritis,

360 1495 546 1560 nulla
580 1495 906 1559 dubitatio
945 1494 1369 1579 relinquetur,
1415 1495 1575 1578 quin
1608 1494 1855 1559 honore
1894 1494 2157 1578 mortui,
2208 1516 2412 1578 quam

360 1584 510 1648 vivo
562 1582 869 1647 iniuriam
913 1581 1214 1667 fecimus,
1269 1583 1641 1647 sarciamus.
1733 1581 1872 1647 Vos
1919 1582 2121 1667 enim,
2177 1586 2407 1667 patres
2436 1609 2480 1650 ιε

363 1670 718 1755 conscripti
766 1668 995 1757 (grave
1032 1671 1213 1736 dictu
1249 1675 1370 1753 est,
1418 1671 1530 1735 sed
1572 1670 1915 1736 dicendum
1950 1666 2223 1755 tamen),
2268 1692 2410 1755 vos,

361 1759 657 1843 inquam,
706 1757 841 1824 Ser.
890 1757 1251 1843 Sulpicium
1299 1758 1437 1823 vita
1481 1758 1819 1843 privastis3
1879 1779 2074 1841 quem
2120 1779 2273 1823 cum
2318 1759 2409 1823 vi-

361 1847 604 1912 deretis
651 1869 720 1912 re
765 1847 977 1933 magis
1025 1848 1331 1911 morbum
1378 1868 1575 1931 quam
1620 1846 1917 1911 oratione
1964 1850 2406 1930 excusantem,

363 1957 497 2001 non
540 1958 657 2001 vos
706 1936 967 2020 quidem
1014 1935 1305 2001 crudeles
1351 1934 1573 2000 fuistis
1624 1932 1808 2020 (quid
1855 1933 2030 1999 enim
2076 1935 2297 2000 minus
2338 1935 2406 2000 in

361 2024 536 2090 hunc
573 2024 867 2089 ordinem
895 2024 1197 2089 convenit
1208 2021 1291 2109 P),
1328 2024 1458 2108 sed,
1486 2046 1634 2089 cum
1664 2023 2017 2108 speraretis
2044 2023 2215 2088 nihil
2244 2045 2402 2102 esse,
2428 2052 2477 2092 ιο

364 2113 538 2196 quod
593 2134 728 2178 non
781 2113 961 2176 illius
1017 2113 1407 2177 auctoritate
1460 2115 1527 2176 et
1572 2111 1895 2196 sapientia
1940 2110 2113 2176 effici
2158 2116 2402 2196 posset,

363 2200 812 2265 vehementius
884 2201 1289 2265 excusationi
1355 2199 1713 2265 obstitistis
1780 2203 1974 2284 atque
2042 2221 2220 2284 eum,
2289 2199 2400 2284 qui

367 2308 621 2371 semper
673 2292 966 2353 vestrum
1019 2310 1405 2354 consensum
1453 2288 1916 2374 gravissimum
1960 2287 2398 2372 iudicavisset,

307 2387 346 2435 9
366 2375 444 2439 de
499 2376 824 2440 sententia
881 2376 1223 2442 deiecistiS.
1314 2375 1411 2441 Ut
1464 2397 1617 2441 vero
1665 2375 1919 2440 Pansae
1966 2376 2257 2440 consulis
2302 2399 2397 2442 ac-

367 2462 566 2528 cessit
632 2463 1002 2528 cohortatio
1068 2465 1359 2550 gravior,
1433 2485 1631 2547 quam
1694 2485 1883 2528 aures
1950 2461 2085 2528 Ser.
2152 2463 2395 2548 Sulpici
2420 2490 2467 2531 2⁵

366 2551 536 2616 ferre
589 2551 998 2637 didicissent,
1053 2556 1196 2616 tum
1245 2573 1401 2616 vero
1450 2553 1724 2635 denique
1768 2551 1982 2615 filium
2025 2573 2260 2636 meque
2306 2573 2396 2617 se-

366 2639 554 2704 duxit
608 2643 804 2724 atque
850 2640 948 2704 ita
991 2640 1251 2705 locutus
1299 2644 1424 2717 est,
1483 2644 1561 2704 ut
1607 2639 2069 2704 auctoritatem
2114 2645 2395 2706 vestram

365 2728 538 2792 vitae
594 2749 747 2793 suae
805 2749 873 2793 se
929 2728 1174 2793 diceret
1227 2727 1567 2793 anteferre.
1659 2726 1861 2793 Cuius
1919 2748 2041 2792 nos
2088 2726 2393 2793 virtutem

367 2816 676 2881 admirati
729 2839 862 2881 non
914 2815 1057 2881 ausi
1103 2837 1329 2880 sumus
1376 2816 1705 2880 adversari
1748 2815 2095 2884 voluntati.
2186 2815 2392 2882 Move-

366 2904 562 2968 batur
617 2904 936 2990 singulari
990 2903 1235 2988 pietate
1291 2903 1496 2989 filius3
1548 2925 1682 2970 non
1736 2903 2020 2968 multum
2075 2903 2215 2969 eius
2258 2926 2389 2988 per·
2410 2931 2457 2972 ω

367 2992 734 3057 turbationi
769 3013 953 3058 meus
983 2991 1170 3056 dolor
1198 2993 1621 3077 concedebat3
1659 2992 1771 3056 sed
1797 2996 2072 3076 uterque
2099 2996 2389 3057 nostrum
2540 2989 2542 2999 ²

255 3163 258 3168 -
368 3079 590 3144 cedere
638 3080 998 3166 cogebatur
1042 3078 1481 3165 magnitudini
1529 3079 1732 3144 animi
1772 3079 2220 3163 orationisque
2257 3101 2390 3166 gra-

367 3167 578 3251 vitati,
625 3190 774 3233 cum
821 3167 1082 3251 quidem
1126 3167 1238 3231 ille
1287 3168 1571 3232 maxima
1614 3167 1806 3233 laude
1854 3172 1922 3232 et
1958 3168 2387 3253 gratulatione

365 3255 659 3319 omnium
703 3259 996 3320 vestrum
1039 3255 1377 3339 pollicitus
1423 3259 1525 3320 est
1570 3277 1667 3340 se,
1720 3256 1895 3339 quod
1938 3255 2216 3342 velletis,
2258 3277 2385 3322 esse

364 3341 694 3406 facturum
745 3344 960 3427 neque
1011 3343 1150 3408 eius
1204 3343 1567 3408 sententiae
1613 3344 1977 3427 periculum
2022 3344 2385 3429 vitaturum,
2407 3369 2453 3410 ³5

365 3429 550 3493 cuius
628 3430 770 3512 ipse
852 3434 1082 3495 auctor
1153 3430 1417 3516 fuisset3
1499 3453 1693 3514 quem
1766 3430 2034 3516 exsequi
2096 3434 2386 3498 mandata

365 3519 586 3578 vestra
637 3521 1099 3602 properantem
1155 3539 1344 3581 mane
1398 3519 1716 3602 postridie
1769 3521 2104 3604 prosecuti
2160 3542 2383 3586 sumus.
