2550 3875
290 111 422 177 130
564 111 664 166 DE
701 108 1119 166 PROVINCIIS
1158 104 1717 164 CONSULARIBUS
1757 107 2045 166 ORATIO.

288 273 583 340 omnium
600 276 903 338 nostrum
922 271 1364 337 adulescentia
1380 271 1527 356 fuit,
1544 271 2022 355 praetermitto.
2060 269 2328 335 Postea-

290 383 488 446 quam
550 380 698 426 sum
760 361 1022 444 penitus
1088 360 1157 425 in
1211 381 1350 424 rem
1411 359 1743 444 publicam
1803 359 2166 444 ingressae,
2227 359 2329 424 ita

291 447 569 514 dissensi
602 450 691 513 ab
727 449 862 533 illo,
897 454 973 513 ut
1008 449 1081 512 in
1113 448 1551 513 disiunctione
1589 448 1956 512 sententiae
1994 448 2328 512 coniuncti

198 549 269 600 41
292 542 516 603 tamen
562 537 855 602 amicitia
899 557 1326 602 maneremus.
1419 535 1664 602 Consul
1709 536 1822 600 ille
1869 535 2010 622 egit
2053 554 2162 600 eas
2201 557 2326 620 reS,

291 647 570 711 quarum
606 645 710 690 me
738 625 1127 710 participem
1156 640 1298 689 esse
1325 623 1564 709 voluit3
1599 623 1840 708 quibus
1869 645 1992 709 ego
2021 624 2079 688 si
2107 623 2325 698 minus
2381 650 2410 690 τ»

292 713 737 797 adsentiebar,
792 717 1015 778 tamen
1068 713 1247 777 illius
1300 713 1464 777 mihi
1509 711 1825 778 iudicium
1870 716 2136 798 gratum
2182 735 2326 778 ense

292 802 590 868 debebat.
636 799 745 866 Me
772 802 905 885 ille,
930 805 1011 866 ut
1035 799 1610 884 quinqueviratum
1641 801 2020 885 acciperem,
2047 801 2325 887 rogavit,

291 907 397 956 me
459 890 531 955 in
592 891 806 955 tribus
872 889 999 955 sibi
1060 889 1616 954 coniunctissimis
1673 889 2126 954 consularibus
2181 909 2325 954 esse

291 979 529 1062 voluit,
593 978 757 1043 mihi
811 977 1238 1063 legationem,
1299 999 1498 1061 quam
1552 977 1817 1061 vellem,
1873 981 2119 1061 quanto
2175 998 2327 1042 cum

292 1067 538 1132 honore
583 1067 838 1149 vellem,
883 1066 1137 1130 detulit.
1231 1065 1411 1141 Quae
1458 1086 1582 1151 ego
1631 1066 1852 1130 omnia
1891 1087 2025 1131 non
2061 1066 2324 1152 ingrato
2356 1093 2412 1132 ιο

293 1155 530 1238 anim0,
582 1155 696 1220 sed
742 1154 1185 1239 opstinatione
1232 1154 1516 1237 quadam
1561 1154 1924 1219 sententiae
1969 1155 2325 1238 repudiavi.

294 1242 508 1320 Quam
564 1243 920 1327 sapienter,
971 1264 1107 1308 non
1156 1242 1450 1327 disput03
1505 1242 1734 1306 multis
1781 1242 1958 1306 enim
1999 1264 2135 1306 non
2178 1265 2326 1326 pro-

292 1333 495 1417 babo;
532 1335 911 1397 constanter
949 1330 1212 1414 quidem
1248 1335 1318 1395 et
1352 1330 1618 1395 fortiter
1655 1334 1870 1420 certe„
1887 1331 2001 1414 qui
2037 1352 2186 1396 cum
2219 1352 2324 1395 me

292 1419 689 1485 firmissimis
755 1419 989 1502 opibus
1045 1422 1277 1484 contra
1333 1419 1544 1484 scelus
1599 1418 2017 1484 inimicorum
2071 1419 2325 1483 munire

294 1513 361 1573 et
432 1507 770 1592 popularis
836 1507 1123 1591 impetus
1185 1507 1490 1592 populari
1553 1507 1898 1591 praesidio.
1941 1507 2326 1591 propulsare
2357 1535 2410 1575 ιε

292 1617 576 1684 possem,
623 1595 921 1679 quamvis
965 1595 1259 1679 excipere
1297 1595 1651 1680 fortunam,
1697 1595 1919 1660 subire
1956 1595 2091 1659 vim
2128 1599 2328 1678 atque

292 1683 602 1748 iniuriam
643 1683 848 1747 malui
886 1705 1083 1767 quam
1120 1688 1236 1748 aut
1272 1705 1314 1748 a
1350 1684 1588 1748 vestris
1629 1683 2062 1748 sanctissimis
2098 1685 2330 1750 menti—

293 1773 421 1836 bus
474 1771 788 1836 dissidere
846 1776 961 1836 aut
1017 1772 1095 1836 de
1150 1793 1297 1837 meo
1355 1775 1537 1837 statu
1588 1772 1928 1837 declinare.
2019 1769 2150 1837 Sed
2193 1793 2330 1837 non

294 1860 354 1925 is
410 1861 625 1924 solum
680 1863 909 1946 gratus
966 1859 1161 1924 debet
1214 1881 1383 1945 esse,
1446 1861 1559 1945 qui
1612 1860 1866 1945 accepit
1920 1860 2328 1945 beneficium,
2401 1857 2408 1866 ’

293 1969 522 2014 verum
564 1948 767 2013 etiam
802 1948 878 2033 is,
924 1949 1031 2015 cui
1066 1954 1364 2033 potestas
1404 1949 1761 2033 accipiendi
1797 1949 1944 2015 fuit.
2024 1949 2173 2035 Ego
2211 1950 2330 2014 illa
2357 1976 2412 2017 20

296 2041 698 2120 ornamenta,
744 2037 982 2121 quibus
1027 2037 1141 2102 ille
1187 2060 1292 2103 me
1330 2038 1625 2121 ornabat,
1672 2038 1896 2103 decere
1934 2060 2036 2102 me
2075 2043 2143 2103 et
2182 2057 2329 2103 con-

293 2126 514 2191 venire
560 2125 645 2189 iis
690 2126 914 2209 rebus,
961 2144 1124 2209 quas
1171 2146 1523 2212 gesseram,
1566 2147 1702 2191 non
1743 2127 2090 2211 putabam3
2139 2127 2330 2192 illum

297 2213 560 2298 quidem
606 2214 816 2278 amico
860 2213 1079 2278 animo
1117 2236 1220 2279 me
1256 2214 1499 2279 habere
1537 2215 1778 2279 eodem.
1802 2215 1948 2279 loco
1987 2236 2117 2299 quo
2155 2216 2330 2299 prin-

200 2312 274 2363 42
296 2301 507 2386 cipem
545 2301 803 2385 civium,
841 2322 1033 2366 suum
1067 2322 1402 2387 generum,
1440 2303 1822 2368 sentiebam.
1895 2302 2214 2368 Traduxit
2247 2304 2327 2367 ad

293 2390 555 2475 plebem
612 2389 952 2455 inimicum
1006 2412 1224 2456 meum
1281 2392 1416 2456 sive
1471 2391 1679 2455 iratus
1735 2391 1925 2474 mihi,
1991 2392 2167 2474 quod
2223 2413 2327 2456 me
2357 2418 2410 2460 π

294 2498 518 2545 secum
560 2498 643 2543 ne
688 2478 758 2542 in
795 2478 1129 2543 beneficiis
1170 2479 1432 2563 quidem
1467 2479 1732 2543 videbat
1767 2496 1961 2563 posse
2001 2480 2329 2566 coniungi,

294 2566 433 2633 sive
493 2571 817 2631 exoratus.
918 2566 1020 2632 Ne
1074 2568 1237 2633 haec
1293 2567 1556 2652 quidem
1611 2566 1740 2631 fuit
1795 2567 2052 2631 iniuria.
2153 2566 2330 2633 Nam

293 2658 525 2740 postea
579 2676 710 2739 me,
762 2658 840 2719 ut
885 2654 1014 2720 sibi
1062 2676 1272 2721 essem
1318 2657 1604 2741 legatus,
1657 2677 1793 2721 non
1839 2656 2054 2721 solum
2101 2657 2330 2741 suasit,

293 2764 522 2809 verum
568 2743 769 2807 etiam
815 2743 1093 2827 rogavit.
1184 2743 1286 2809 Ne
1328 2744 1395 2808 id
1434 2744 1694 2827 quidem
1733 2744 1981 2828 accepi3
2024 2763 2160 2809 non
2193 2766 2327 2829 quo

295 2832 581 2897 alienum
635 2852 783 2897 mea
837 2831 1161 2915 dignitate
1218 2832 1606 2915 arbitrarer,
1667 2832 1779 2897 sed
1835 2833 2010 2915 quod
2065 2836 2327 2897 tantum
2355 2858 2412 2901 so

297 2920 392 2984 rei
436 2919 735 3003 publicae
784 2919 1049 2985 sceleris
1095 2920 1466 3004 impendere
1513 2942 1554 2984 a
1595 2920 1973 2985 consulibus
2010 2922 2326 3005 proximis

190 3016 275 3082 18
294 3028 430 3073 non
466 3007 865 3090 suspicabar.
930 3006 1112 3093 Ergo
1153 3009 1362 3073 adhuc
1395 3008 1608 3094 magis
1636 3012 1740 3073 est
1767 3008 1930 3072 mihi
1958 3010 2328 3093 verendum,

124 3153 274 3243 (18)
295 3094 939 3247 {31231232152333532
966 3096 1732 3249 ἐὲαῑὲἒὶέἓῖἒὼὲῗὲῗέἔὲ
1781 3117 1979 3251 Ἓὲἑῖ
2013 3118 2130 3249 3ιέ
2143 3097 2325 3251 ἱῗξιῗ

170 3246 244 3295 43
296 3274 539 3354 pestas,
586 3270 799 3355 caligo
847 3272 1172 3337 bonorum
1218 3277 1286 3337 et
1333 3207 1554 3337 εεῖοἱὺα
1595 3234 1792 3357 atque
1830 3274 2164 3357 inprovisa
2199 3274 2328 3339 for-
2355 3298 2408 3340 35

300 3358 503 3441 mido,
560 3359 869 3422 tenebrae
924 3360 1020 3425 rei
1073 3361 1402 3444 publicae,
1457 3362 1648 3425 ruina
1703 3365 1900 3445 atque
1956 3361 2329 3428 incendium

300 3443 613 3522 civitatis,
664 3449 877 3509 terror
922 3448 1201 3512 iniectus
1250 3447 1514 3514 Caesari
1561 3449 1638 3513 de
1687 3449 1824 3513 eius
1873 3449 2064 3532 actiS,
2113 3455 2328 3515 metus
