2550 3875
387 196 520 262 310
837 191 980 248 PRO
1017 190 1080 248 T.
1114 189 1349 245 ANNIO
1384 187 1669 246 MILONE
1707 187 1991 244 ORATIO.

389 357 604 435 Quid?
641 378 735 441 ea,
773 377 936 440 quae
973 353 1210 419 tenetis
1248 353 1507 438 privata
1540 356 1736 435 atque
1763 355 1998 436 vestra,
2034 351 2424 416 dominante

387 446 649 511 homine
747 443 997 509 furioso
1089 441 1261 526 quod
1352 441 1456 507 ius
1544 443 1895 524 perpetuae
1973 439 2421 523 possessionis

386 535 626 601 habere
671 531 1087 618 potuissent?

284 633 368 699 29
522 621 676 686 Non
710 621 931 704 timeo,
977 619 1241 702 iudices,
1284 639 1366 682 ne
1405 617 1554 682 odio
1590 616 2082 682 inimicitiarum
2118 638 2419 682 mearum

387 711 829 774 inflammatus
882 707 1215 772 lubentius
1268 705 1431 772 haec
1483 706 1555 770 in
1605 705 1795 770 illum
1848 726 2144 770 evomere
2189 705 2421 771 videar
2470 732 2500 771 ⁵

391 819 586 881 quam
649 797 882 862 verius.
981 795 1272 878 Etenim,
1337 794 1395 858 si
1440 793 1863 877 praecipuum
1917 814 2059 858 esse
2115 792 2419 879 debebat,

387 890 609 950 tamen
660 885 757 950 ita
809 884 1172 949 communis
1229 886 1372 947 erat
1427 881 1717 946 omnium
1770 882 1883 945 ille
1926 880 2170 966 hostis,
2223 886 2302 946 ut
2344 884 2419 947 in

388 973 716 1039 communi
745 972 893 1038 odio
921 994 1125 1057 paene
1153 969 1514 1054 aequaliter
1537 973 1909 1035 versaretur
1936 969 2158 1034 odium
2176 992 2416 1035 meum.

347 1137 352 1143 ,
387 1060 542 1127 Non
598 1065 818 1146 potest
877 1060 1004 1124 dici
1051 1060 1239 1142 satis,
1294 1081 1375 1124 ne
1424 1058 1703 1143 cogitari
1750 1058 2037 1142 quidem,
2093 1063 2418 1141 quantum

302 1161 369 1212 79
387 1150 459 1214 in
502 1150 619 1214 illo
666 1148 947 1232 sceleris,
985 1152 1304 1231 quantum
1340 1146 1525 1211 exitii
1559 1145 1778 1211 fuerit.
1862 1145 2035 1222 Quin
2070 1146 2167 1211 sic
2204 1151 2417 1212 atten-
2448 1175 2497 1213 ιο

387 1239 548 1322 dite,
610 1237 872 1303 iudices.
972 1235 1224 1320 Nempe
1277 1234 1440 1300 haec
1494 1239 1597 1299 est
1653 1235 1948 1318 quaestio
2004 1234 2081 1299 de
2136 1234 2418 1301 interitu

386 1325 459 1391 P.
506 1325 712 1391 Clodi.
801 1323 1066 1409 Fingite
1123 1323 1358 1388 animis
1406 1320 1680 1409 (liberae
1728 1326 1882 1387 sunt
1926 1323 2101 1387 enim
2144 1328 2415 1389 nostrae

387 1414 824 1499 cogitationes
873 1417 958 1496 et,
1005 1432 1168 1496 quae
1214 1412 1463 1495 volunt,
1508 1411 1603 1476 sic
1647 1410 2001 1494 intuentur,
2045 1416 2123 1477 ut
2168 1433 2247 1476 ea
2281 1435 2417 1478 cer—

384 1502 627 1586 nimus,
675 1523 839 1585 quae
884 1499 1226 1585 videmus),
1278 1499 1511 1585 fingite
1556 1498 1764 1584 igitur
1809 1499 2209 1584 cogitatione
2254 1501 2415 1566 ima·

387 1591 607 1675 ginem
677 1589 871 1653 huius
945 1588 1343 1654 condicionis
1416 1609 1623 1671 meae,
1697 1587 1755 1652 si
1825 1588 2075 1671 possim
2136 1588 2415 1676 efficere,
2448 1616 2497 1656 ιο

385 1683 462 1742 ut
498 1677 811 1741 Milonem
847 1677 1224 1760 absolvatis,
1268 1676 1383 1741 sed
1418 1676 1532 1760 ita,
1576 1675 1635 1740 si
1671 1674 1745 1740 P.
1781 1674 2047 1741 Clodius
2084 1678 2415 1743 revixerit.

388 1765 558 1842 Quid
605 1765 792 1830 vultu
838 1765 1234 1829 extimuistis
1247 1765 1282 1828 ‘?
1339 1785 1624 1848 quonam
1668 1764 1863 1829 modo
1903 1764 2015 1828 ille
2059 1787 2179 1830 vos
2225 1768 2414 1832 vivus

385 1854 702 1939 afficeret,
762 1875 926 1938 quos
992 1857 1290 1918 mortuus
1352 1853 1533 1916 inani
1588 1852 1988 1938 cogitatione
2042 1856 2417 1939 percussit?

389 1943 612 2020 Quid?
659 1942 717 2007 si
752 1942 891 2026 ipse
930 1939 1044 2007 Cn.
1082 1940 1453 2027 Pompeius,
1491 1941 1607 2025 qui
1641 1963 1719 2006 ea
1753 1942 1995 2007 virtute
2034 1964 2109 2007 ac
2144 1943 2416 2010 fortuna

387 2036 514 2116 est,
568 2035 646 2096 ut
690 2052 767 2095 ea
810 2030 1102 2114 potuerit
1148 2051 1403 2115 semper
1449 2051 1614 2114 quae
1660 2051 1851 2095 nemo
1896 2036 2158 2114 praeter
2203 2033 2415 2117 illum,
2440 2060 2497 2099 20

385 2120 444 2270 {i
496 2120 582 2272 iosi
625 2119 943 2271 diljanuam‚
1007 2118 1335 2269 pptuisset
1390 2122 1505 2271 aq?
1548 2119 2068 2271 ffiaepfflonessax
2063 2119 2143 2184 de
2198 2127 2415 2186 morte

443 2255 456 2270 .
585 2228 622 2270 o
775 2228 913 2271 erre
970 2228 1053 2270 au
1137 2229 1161 2270 1
1209 2228 1355 2271 sum
1411 2228 1451 2271 a
1648 2228 1775 2271 ens
1822 2229 1963 2272 cxci
2069 2231 2104 2273 e
2186 2212 2416 2275 utrum

382 2294 635 2378 putatis
715 2294 936 2377 potius
1019 2229 1348 2359 factilirum
1424 2294 1671 2359 fuisse?
1788 2294 2073 2361 Etiamsi
2114 2259 2417 2384 ’propter

385 2382 744 2446 amicitiam
787 2383 985 2447 vellet
1030 2383 1218 2447 illum
1255 2383 1338 2447 ab
1375 2382 1601 2447 inferis
1639 2404 1928 2467 avocare,
1963 2390 2236 2469 propter
2272 2408 2416 2452 rem

384 2468 714 2554 publicam
784 2492 919 2535 non
989 2470 1269 2535 fecisset.
1376 2470 1541 2536 Eius
1602 2471 1808 2557 igitur
1869 2473 2103 2537 mortis
2168 2475 2415 2541 sedetis
2440 2500 2496 2541 ιε

383 2558 652 2642 ultores,
697 2558 879 2623 cuius
924 2559 1130 2623 vitam
1177 2560 1234 2623 si
1277 2560 1523 2643 putetis
1566 2580 1685 2643 per
1727 2582 1845 2625 vos
1891 2560 2153 2626 restitui
2197 2584 2415 2649 posse,

382 2644 637 2731 nolitis,
683 2650 751 2711 et
794 2645 872 2710 de
922 2648 1060 2711 eius
1105 2669 1261 2712 nece
1308 2648 1445 2712 lata
1491 2648 1788 2731 quaestio
1834 2654 1955 2733 est,
2002 2650 2115 2733 qui
2158 2651 2219 2715 si
2262 2652 2415 2737 lege

383 2734 606 2799 eadem
633 2733 1015 2799 reviviscere
1042 2739 1284 2820 posset,
1312 2737 1449 2800 lata
1465 2736 1572 2801 lex
1585 2757 1945 2821 numquam
1958 2742 2149 2803 esset.
2194 2738 2414 2805 Huius

383 2843 540 2908 orgo
577 2821 963 2887 interfector
999 2823 1057 2887 si
1093 2828 1285 2908 esset,
1320 2824 1392 2889 in
1428 2824 1795 2889 confitendo
1824 2826 1906 2889 ab
1936 2826 2101 2891 iisne
2128 2847 2413 2910 poenam

293 2918 365 2970 80
384 2910 673 2995 timeret,
729 2932 892 2994 quos
946 2911 1400 2978 liberavisset?
1500 2911 1735 2977 Graeci
1786 2913 2085 2979 homines
2139 2915 2413 2981 deorum
2438 2942 2491 2983 20

381 2997 663 3063 honores
719 2999 1020 3063 tribuunt
1073 3000 1156 3065 iis
1209 3001 1393 3085 viris,
1462 3000 1575 3084 qui
1628 3004 1942 3085 tyrannos
1996 3010 2413 3069 necaverunt.

384 3083 594 3170 (Quae
649 3105 772 3170 ego
827 3086 962 3151 vidi
1008 3086 1314 3172 Athenis,
1370 3110 1534 3173 quae
1586 3088 1733 3154 aliis
1778 3089 1849 3153 in
1892 3090 2164 3156 urbibus
2212 3090 2413 3157 Grae-

383 3173 547 3237 ciae!
615 3194 776 3256 quas
832 3195 936 3239 res
991 3174 1241 3241 divinas
1297 3177 1541 3243 talibus
1596 3177 1936 3243 institutas
1989 3178 2176 3265 viris,
2240 3202 2410 3264 quos

385 3264 642 3345 cantus,
707 3282 870 3344 quae
935 3264 1247 3327 carmina!
1348 3264 1563 3349 Prope
1626 3266 1708 3330 ad
1762 3267 2283 3333 immortalitatis
2340 3273 2412 3333 et

382 3347 767 3431 religionem
813 3353 881 3413 et
917 3350 1299 3414 memoriam
1336 3352 1851 3441 consecrantur);
1895 3376 2013 3421 vos
2050 3356 2222 3421 tanti
2258 3378 2410 3422 con·
2436 3381 2483 3422 ss

385 3438 782 3499 servatorem
835 3436 1088 3520 populi,
1142 3439 1316 3501 tanti
1370 3440 1632 3506 sceleris
1686 3442 1971 3509 ultorem
2022 3466 2158 3509 non
2208 3445 2407 3511 modo

382 3519 740 3586 honoribus
803 3523 1002 3587 nullis
1059 3523 1385 3604 afficietis,
1450 3529 1563 3592 sed
1618 3530 1821 3595 etiam
1874 3530 1958 3597 ad
2012 3532 2409 3617 supplicium
