2550 3875
820 164 977 221 cAP.
1014 172 1227 221 36-38
1264 172 1295 231 ς,
1332 172 1560 221 91—-98,
1891 198 1896 203 -
2062 165 2192 231 407

150 329 255 395 At
315 329 553 414 quibus
609 327 871 393 verbis?
970 326 1169 393 Modo
1224 348 1503 411 aequum
1549 326 1676 391 sibi
1724 327 1954 410 videri,
2000 328 2194 392 modo
2214 348 2283 396 95

148 441 295 484 non
368 417 681 501 iniquum.
791 415 961 480 Mira
1023 416 1370 480 verborum
1435 416 1823 500 complexio!
1929 415 2022 480 At
2085 415 2194 480 ille

150 528 521 589 numquam
541 563 544 571 ,
567 503 853 589 (semper
898 503 1071 568 enim
1118 503 1372 568 absenti
1420 502 1599 568 adfui
1635 501 1980 589 Deiotaro)
2021 504 2195 589 quic·

152 616 362 679 quam
418 593 571 677 sibi,
628 592 802 677 quod
854 613 973 657 nos
1024 614 1145 675 pro
1192 592 1308 656 illo
1354 593 1861 675 postularemus,
1917 613 2194 675 aequum

84 704 121 741 5
152 683 329 747 dixit
376 681 597 746 videri.
683 678 1073 765 Syngrapha
1116 680 1403 745 sestertii
1444 680 1732 745 centiens
1769 702 1886 763 per
1919 680 2195 765 legatos,

152 774 341 836 viros
378 770 605 847 bonos,
643 769 755 833 sed
792 769 1059 833 timidos
1098 775 1163 832 et
1202 768 1560 851 imperitos,
1607 769 1744 833 sine
1772 772 2018 852 nostra,
2056 768 2194 833 sine

156 860 567 943 reliquorum
612 858 949 940 hospitum
986 856 1161 941 regis
1200 856 1526 921 sententia
1562 856 1738 921 facta
1773 856 1844 920 in
1880 856 2194 942 gynaecio

158 954 293 1029 est,
350 968 480 1029 quo
534 946 604 1009 in
660 946 805 1011 loco
858 946 1177 1027 plurimae
1233 965 1337 1009 res
1392 946 1730 1009 venierunt
1782 948 1851 1009 et
1894 949 2194 1009 veneunt.

42 1033 44 1036 ’
160 1036 311 1111 Qua
365 1056 444 1098 ex
500 1032 874 1118 syngrapha
920 1033 1074 1116 quid
1121 1035 1211 1097 sis
1258 1037 1542 1116 acturuS,
1588 1032 1900 1097 meditere
1947 1054 2190 1097 censeo.

42 1144 131 1186 ,ιο
162 1124 307 1187 Rex
346 1122 521 1187 enim
547 1124 686 1205 ipse
716 1143 835 1185 sua
862 1127 1095 1205 sponte
1122 1122 1324 1185 nullis
1355 1120 1838 1186 commentariis
1878 1118 2195 1203 Caesaris,

161 1211 362 1275 simul
402 1216 599 1294 atque
637 1210 887 1274 audivit
923 1210 1062 1273 eius
1099 1209 1461 1291 interitum,
1499 1230 1616 1274 suo
1654 1207 1869 1273 Marte
1908 1229 2010 1272 res
2046 1228 2195 1273 suas

42 1361 44 1372 ,
160 1299 567 1383 reciperavit.
612 1295 877 1363 Sciebat
903 1297 1100 1362 homo
1132 1297 1389 1381 sapiens
1417 1297 1520 1361 ius
1550 1318 1806 1382 semper
1832 1296 1957 1361 hoc
1977 1294 2196 1378 fuisse,
2216 1316 2286 1364 96

42 1390 46 1399 ’
158 1395 264 1471 ut,
319 1409 485 1470 quae
541 1386 804 1471 tyranni
858 1385 1277 1470 eripuissent,
1334 1407 1408 1449 ea
1468 1386 1765 1468 tyrannis
1833 1383 2197 1449 interfectis

162 1476 238 1561 ii,
295 1474 535 1558 quibus
588 1477 814 1558 erepta
868 1477 1086 1538 essent
1095 1525 1111 1557 ,
1167 1474 1622 1557 reciperarent.
1721 1471 1934 1538 Nemo
1991 1472 2198 1557 igitur

42 1582 131 1633 ‚15
162 1564 303 1629 iure
359 1563 713 1646 consultus,
765 1583 845 1627 ne
892 1562 1019 1626 iste
1066 1561 1355 1646 quidem,
1412 1562 1524 1644 qui
1579 1561 1704 1625 tibi
1749 1560 1863 1625 uni
1909 1564 2012 1625 est
2056 1559 2196 1625 iure

42 1659 44 1738 j
163 1651 522 1733 consultus,
557 1672 673 1733 per
702 1671 895 1733 quem
920 1650 1081 1715 haec
1110 1651 1272 1735 agiS,
1309 1672 1388 1714 ex
1415 1651 1546 1714 ista
1575 1648 1949 1735 syngrapha
1977 1648 2194 1713 deberi

42 1749 45 1812 ζ
164 1741 339 1805 dicet
375 1760 496 1821 pro
534 1738 615 1801 iis
650 1739 861 1821 rebus,
899 1760 1061 1822 quae
1091 1742 1279 1802 erant
1308 1742 1458 1802 ante
1489 1738 1929 1823 syngrapham
1957 1738 2196 1820 recipe-

42 1839 45 1844 ’
164 1831 363 1892 ratae.
456 1826 610 1892 Non
654 1827 827 1891 enim
877 1848 916 1890 a
970 1831 1037 1891 te
1084 1825 1261 1910 emit,
1309 1826 1438 1909 sed,
1475 1826 1856 1909 priusquam
1893 1831 1966 1889 tu
2007 1846 2197 1890 suum

164 1916 290 1982 sibi
338 1916 665 1999 vendereS,
711 1915 848 1999 ipse
895 1915 1204 1998 possedit.
1287 1912 1408 1979 Ille
1444 1914 1545 1979 vir
1583 1912 1728 1996 fuit3
1773 1935 1894 1980 nos
1934 1914 2196 1997 quidem

42 2025 135 2085 7ιο
164 2004 636 2088 contemnendi,
683 2004 794 2087 qui
844 2007 1131 2069 actorem
1178 2003 1452 2086 odimuS,
1499 2007 1647 2067 acta
1702 2002 2122 2068 defendimus.

42 2090 48 2113 ³
299 2092 469 2169 Quid
550 2113 674 2177 ego
758 2092 836 2156 de
918 2092 1402 2157 commentariis
1486 2090 1787 2174 infinitis,
1878 2090 2034 2174 quid
2117 2091 2194 2154 de
2216 2073 2302 2137 38

166 2181 748 2246 innumerabilibus
814 2179 1267 2266 chirographis
1321 2179 1597 2264 loquar?
1663 2200 1941 2262 quorum
1996 2179 2195 2244 etiam
2216 2163 2284 2212 97

42 2286 44 2291 ’
168 2269 504 2334 institores
552 2275 734 2353 sunt,
787 2270 896 2352 qui
944 2291 1021 2332 ea
1068 2275 1403 2352 tamquam
1451 2267 1891 2352 gladiatorum
1935 2267 2194 2331 libellos

168 2358 386 2441 palam
466 2356 822 2420 venditent.
922 2355 1152 2440 Itaque
1229 2357 1400 2420 tanti
1494 2355 1706 2421 acervi
1779 2377 2196 2420 nummorum

42 2438 142 2505 ³25
170 2445 340 2529 apud
399 2444 600 2508 istum
654 2449 1147 2528 construuntur,
1211 2451 1288 2508 ut
1343 2445 1475 2508 iam
1531 2444 2002 2527 expendantur,
2064 2465 2197 2507 non

170 2535 587 2596 numerentur
648 2533 974 2616 pecuniae.
1075 2532 1169 2597 At
1233 2554 1430 2616 quam
1485 2553 1676 2597 caeca
1734 2531 2012 2596 avaritia
2066 2532 2192 2595 est!

172 2621 395 2704 Nuper
453 2619 583 2684 fixa
638 2621 864 2685 tabula
920 2625 1049 2704 est,
1104 2641 1233 2703 qua
1289 2620 1590 2684 civitates
1640 2618 2195 2703 locupletissimae

171 2708 577 2774 Cretensium
606 2709 1036 2794 vectigalibus
1064 2709 1428 2775 liberantur
1457 2707 1918 2790 statuiturque,
1942 2729 2024 2771 ne
2044 2711 2196 2788 post

172 2797 254 2860 M.
298 2796 577 2861 Brutum
622 2818 742 2880 pro
790 2797 1055 2861 consule
1094 2796 1183 2860 sit
1220 2795 1418 2862 Creta
1455 2795 1807 2880 provincia.
1888 2794 1985 2858 Tu
2024 2815 2198 2857 men·

78 2905 147 2946 so
173 2886 259 2949 tis
306 2887 431 2965 [es]
479 2905 749 2968 conpoS,
798 2891 869 2949 tu
916 2906 1047 2948 non
1084 2883 1671 2970 constringendus?
1753 2882 1860 2947 An
1897 2881 2196 2947 Caesaris

172 2973 425 3037 decreto
475 2971 671 3038 Creta
716 2978 871 3056 post
918 2972 1004 3036 M.
1050 2972 1242 3037 Bruti
1282 2973 1616 3038 decessum
1653 2970 1874 3055 potuit
1910 2969 2197 3053 liberari,

176 3082 319 3125 cum
365 3060 563 3127 Creta
610 3060 774 3125 nihil
824 3061 904 3124 ad
948 3059 1231 3126 Brutum
1279 3059 1554 3126 Caesare
1602 3060 1748 3123 vivo
1795 3057 2197 3141 pertineret?

172 3149 263 3214 At
312 3149 506 3213 huius
560 3148 933 3214 venditione
989 3149 1258 3233 decreti,
1314 3171 1395 3213 ne
1452 3148 1617 3213 nihil
1665 3151 1884 3211 actum
1929 3146 2197 3230 putetiS,

170 3237 567 3322 provinciam
623 3235 886 3303 Cretam
941 3237 1335 3320 perdidistis
1433 3235 1714 3300 Omnino
1759 3255 1950 3300 nemo
1998 3235 2194 3300 ullius

78 3346 143 3388 ⁸5
174 3325 265 3389 rei
326 3325 453 3389 fuit
517 3329 801 3409 emptor,
868 3325 974 3390 cui
1037 3325 1317 3390 defuerit
1378 3325 1484 3389 hic
1550 3323 1866 3389 venditor.
1971 3322 2063 3387 Et
2117 3323 2194 3388 de
2215 3343 2283 3394 98

172 3412 462 3478 exulibus
518 3413 759 3499 legem,
814 3435 1010 3497 quam
1064 3414 1298 3497 fixisti,
1355 3411 1596 3478 Caesar
1641 3411 1841 3476 tulit?
1931 3410 2194 3478 Nullius

174 3503 453 3566 insector
508 3502 975 3586 calamitatem3
1021 3506 1282 3567 tantum
1329 3523 1590 3585 queror,
1644 3501 1924 3584 primum
1973 3523 2194 3567 eorum
