2550 3875
815 172 968 229 CAP.
1007 181 1220 230 31—32
1259 180 1293 241 s
1334 180 1559 231 ἰε-80.
1804 216 1807 219 -
2073 175 2202 241 113

172 358 302 423 qua
353 336 426 401 in
480 336 747 402 civitate
800 335 1028 419 paucis
1078 336 1183 401 his
1231 336 1461 402 diebus
1512 334 1653 401 Sex.
1702 334 1971 403 Clodius
2016 337 2205 402 abso·

169 426 351 491 lutus
425 423 540 508 sit,
615 445 808 508 quem
879 444 996 489 vos
1064 446 1182 509 per
1246 424 1584 489 biennium
1646 429 1762 489 aut
1826 424 2205 489 ministrum

171 513 516 579 seditionis
570 516 686 577 aut
738 511 968 577 ducem
1022 513 1309 596 vidistis,
1374 513 1486 597 qui
1542 513 1722 578 aedis
1776 534 2025 597 sacras,
2092 512 2205 597 qui

172 622 440 667 censum
483 600 710 685 populi
757 600 1058 684 Romani,
1105 602 1218 687 qui
1262 601 1647 666 memoriam
1692 602 2026 701 publicam
2066 601 2205 667 suis

109 714 142 755 s
171 690 478 754 manibus
530 688 846 772 incendit,
908 689 1243 754 hominem
1300 690 1440 754 sine
1495 711 1591 772 re,
1657 690 1796 754 sine
1850 690 2005 775 fide,
2064 689 2205 754 sine

169 800 314 863 spe,
365 778 504 843 sine
551 777 726 860 sede,
770 776 912 841 sine
954 776 1269 877 fortunis,
1317 798 1458 861 ore,
1502 778 1758 863 lingua,
1806 799 2022 862 manu,
2066 777 2206 841 vita

171 866 354 933 omni
417 865 858 950 inquinatum,
924 864 1036 950 qui
1091 828 1312 931 Catuli
1377 870 1874 931 monumentum
1934 865 2206 951 adflixit,

169 976 387 1020 meam
454 954 722 1019 domum
771 953 1014 1036 diruit,
1077 954 1215 1018 mei
1271 952 1507 1018 tfratris
1567 954 1887 1038 incendit,
1947 955 2073 1039 qui
2135 954 2207 1018 in

171 1042 431 1108 Palatio
487 1045 683 1125 atque
737 1040 808 1106 in
861 1041 1044 1107 urbis
1101 1041 1307 1107 oculis
1364 1041 1634 1107 servitia
1689 1043 1771 1106 ad
1827 1043 2090 1107 caedem
2138 1046 2207 1107 et

81 1156 141 1196 ιο
171 1130 706 1196 inflammandam
777 1130 1007 1193 urbem
1071 1129 1399 1194 incitavit:
1472 1130 1543 1194 in
1604 1130 1730 1195 hac
1794 1130 2060 1194 civitate
2122 1152 2205 1195 ne

169 1217 518 1304 patiamini
554 1217 745 1282 illum
781 1218 1158 1282 absolutum
1186 1218 1493 1282 muliebri
1522 1219 1755 1304 gratia,
1792 1217 1880 1282 M.
1911 1216 2206 1284 Caelium

169 1307 452 1373 lubidini
498 1305 804 1370 muliebri
852 1306 1319 1390 condonatum,
1372 1328 1456 1370 ne
1504 1307 1730 1371 eadem
1775 1307 2012 1371 mulier
2058 1327 2207 1371 cum

173 1418 292 1461 suo
329 1394 604 1480 coniuge
635 1398 702 1458 et
728 1393 934 1458 fratre
963 1399 1020 1458 et
1041 1394 1504 1478 turpissimum
1531 1394 1859 1459 latronem
1890 1394 2206 1479 eripuisse

172 1489 242 1549 et
299 1482 838 1549 honestissimum
895 1482 1379 1547 adulescentem
1434 1483 1836 1567 oppressisse
1891 1483 2207 1548 videatur.

80 1594 138 1636 ιε
175 1567 516 1649 Quod'cum
541 1570 737 1634 huius
766 1570 953 1636 vo‘bis
984 1570 1495 1636 adulescentiam
1518 1570 2017 1655 proposueritis,
2054 1591 2201 1635 con·
2224 1594 2301 1643 ‘19

174 1660 509 1726 stituitote
556 1662 708 1723 ante
755 1658 981 1724 oculos
1028 1658 1230 1723 etiam
1270 1659 1471 1723 'huius
1519 1660 1743 1723 miseri
1786 1662 2209 1742 senectutem,

159 1748 290 1833 qui
341 1748 470 1813 hoc
523 1747 716 1812 unico
772 1747 910 1812 filio
959 1746 1230 1831 nititur,
1296 1747 1366 1811 in
1416 1747 1615 1813 huius
1669 1769 1786 1831 spe
1832 1748 2209 1831 requiescit,

165 1837 370 1901 huius
424 1835 618 1900 unius
663 1852 899 1900 casum
947 1835 1387 1920 pertimescit3
1434 1852 1637 1919 quem
1682 1854 1798 1900 vos
1843 1836 2210 1919 supplicem

172 1929 432 1990 vestrae
465 1923 976 2009 misericordiae,
1023 1942 1281 1989 servum
1312 1924 1671 2008 potestatis
1711 1923 2041 1989 abiectum
2072 1945 2210 1989 non

82 2037 143 2077 ιο
175 2018 318 2078 tam
371 2009 455 2078 ad
502 2013 703 2097 pedes
761 2034 959 2097 quam
1003 2012 1088 2076 ad
1133 2035 1349 2078 mores
1398 2034 1756 2097 sensusque
1805 2017 2059 2078 vestros
2105 2012 2210 2078 vel

173 2101 625 2168 recordatione
659 2105 1011 2201 parentum
1045 2105 1421 2166 vestrorum
1455 2100 1560 2166 vel
1597 2101 2007 2167 liberorum
1990 2122 2212 2166 iucun-

175 2191 384 2254 ditate
430 2193 816 2273 sustentate,
855 2191 940 2253 ut
979 2189 1051 2252 in
1098 2189 1371 2254 alterius
1418 2188 1641 2254 dolore
1686 2189 1793 2254 vel
1831 2189 2069 2273 pietati
2106 2189 2211 2253 vel

175 2277 622 2379 indulgentiae
683 2281 944 2341 vestrae
1009 2276 1330 2342 serviatis.
1436 2275 1693 2362 Nolite,
1756 2277 2030 2362 iudices,
2094 2281 2212 2341 aut

171 2367 351 2432 hunc
404 2366 537 2430 iam
589 2369 830 2430 natura
883 2366 1029 2449 ipsa
1076 2362 1479 2431 occidentem
1524 2365 1692 2430 velle
1740 2366 2063 2431 maturius
2110 2386 2212 2430 ex-

82 2475 141 2518 25
173 2454 396 2540 tingui
445 2454 713 2518 vulnere
767 2457 987 2518 vestro
1037 2475 1245 2537 quam
1302 2473 1419 2518 suo
1466 2454 1605 2518 fato
1654 2457 1770 2518 aut
1814 2454 1991 2519 hunc
2033 2474 2208 2518 nunc

507 2542 961 2607 florescentem
1005 2542 1271 2606 firmata
1310 2542 1450 2606 -iam
1496 2543 1701 2626 stirpe
1736 2542 2007 2606 virtutis
2046 2545 2210 2606 tam-

178 2649 377 2714 quam
415 2630 680 2694 turbine
719 2629 937 2714 aliquo
977 2635 1092 2694 aut
1129 2631 1353 2695 subita
1381 2634 1785 2714 tempestate
1819 2634 2209 2714 pervertere.

177 2719 575 2784 Conservate
612 2719 870 2802 parenti
906 2717 1136 2802 filiurn,
1171 2722 1513 2802 parentem
1550 2718 1708 2803 filio,
1742 2741 1825 2783 ne
1854 2723 1971 2783 aut
1998 2740 2211 2783 senec·
2230 2737 2304 2788 80

176 2811 392 2871 tutem
436 2807 570 2871 iam
614 2828 818 2891 prope
864 2806 1277 2890 desperatam
1326 2808 1799 2892 contempsisse
1846 2810 1962 2871 aut
1998 2806 2212 2871 adule-

85 2916 146 2958 so
177 2895 497 2960 scentiam
523 2895 786 2979 plenam
815 2895 954 2978 spei
982 2895 1303 2960 maximae
1331 2917 1467 2960 non
1493 2897 1688 2961 modo
1706 2917 1842 2960 non
1861 2895 2211 2977 adlevasse,

177 2984 292 3048 sed
331 2983 530 3048 etiam
566 2982 922 3083 perculisse
961 2987 1157 3067 atque
1196 2983 1523 3048 adflixisse
1560 2984 1926 3048 videamini.
2002 2982 2212 3059 Quem

177 3071 236 3136 si
267 3071 485 3156 nobis»,
529 3072 588 3136 si
625 3071 780 3156 suis,
828 3070 886 3135 si
921 3071 1016 3135 rei
1052 3071 1355 3155 publicae
1389 3070 1814 3155 conservatis,
1861 3069 2211 3155 addictum,

177 3123 490 3244 deditum,
536 3159 932 3224 obstrictum
973 3159 1164 3224 vobis
1211 3181 1288 3224 ac
1332 3159 1561 3225 liberis
1604 3161 1843 3224 vestris
1874 3159 2211 3223 habebitis

179 3247 597 3334 omniumque
620 3245 818 3312 huius
835 3266 1188 3314 nervorum
1213 3267 1290 3312 ac
1304 3245 1613 3314 laborum
1632 3267 1749 3313 vos
1766 3247 2213 3332 potissimum,

91 3355 147 3396 ³5
177 3336 424 3403 'radices
433 3387 452 3421 ,
495 3335 752 3402 fluctus
794 3329 1031 3401 uberes
1078 3337 1551 3423 diuturnosque
1599 3336 1890 3422 capietis,

289 3625 400 3667 010.
425 3626 489 3667 11.
515 3625 554 3668 8.
1858 3624 1890 3672 8
