2550 3875
786 171 939 227 CAP
978 178 1189 228 44-—46
1226 178 1257 240 ς
1292 179 1424 228 95-
1437 178 1524 229 99.
2079 173 2167 237 43

140 331 385 398 Omnes
432 338 811 418 optumates
858 338 1031 418 sunt,
1074 334 1192 419 qui
1234 356 1444 419 neque
1488 338 1799 400 nocentes
1844 339 2000 399 sunt
2043 354 2164 401 nec

138 427 374 486 natura
440 422 703 506 inprobi
760 442 882 487 nec
934 422 1167 487 furiosi
1220 444 1342 488 nec
1395 424 1586 487 malis
1639 423 2016 487 domesticis
2069 423 2164 487 in·

142 510 364 593 pediti
452 507 583 574 Est
627 510 849 597 igitur,
894 509 1025 574 ut
1005 510 1055 574 ιι
1094 511 1245 596 sint,
1291 531 1489 612 quain
1525 515 1600 574 tu
1639 510 2015 576 ‘nationem’
2049 533 2162 595 ap-

140 597 424 681 pellasti,
471 598 583 681 qui
630 603 698 662 et
741 598 984 699 integri
1026 602 1186 663 sunt
1227 602 1300 663 et
1345 598 1487 664 sani
1531 601 1601 663 et
1645 600 1810 664 bene
1849 600 1930 665 de
1965 599 2160 664 rebus

88 702 115 741 ⁵
142 685 522 751 domesticis
568 686 931 751 constituti.
1022 685 1278 751 Horum
1326 687 1438 771 qui
1483 686 1836 770 voluntati,
1881 708 2161 752 commo-

140 774 262 857 dis,
328 774 565 858 opibus
625 774 695 838 in
747 775 1171 859 gubernanda
1224 796 1295 839 re
1349 774 1614 859 publica
1676 775 1994 859 serviunt,
2052 774 2160 840 de-

137 825 427 927 fensores
509 863 949 963 optumatium
1018 862 1276 947 ipsique
1345 866 1721 963 optumates
1785 863 2158 949 gravissimi

139 954 205 1013 et
256 950 610 1015 clarissimi
665 951 841 1015 cives
891 955 1320 1015 numerantur
1364 955 1432 1015 et
1475 951 1803 1035 principes
1846 952 2157 1015 civitatis.

140 1038 309 1114 Quid
374 1043 477 1102 est
534 1038 740 1125 igitur
794 1038 1208 1125 propositum
1261 1039 1368 1103 his
1423 1039 1518 1104 rei
1572 1039 1872 1123 publicae
1926 1040 2156 1124 guber-
2175 1052 2246 1102 98

63 1144 113 1183 ιο
138 1125 500 1211 natoribus,
547 1127 721 1211 quod
766 1127 1007 1191 intueri
1052 1131 1121 1191 et
1166 1148 1295 1210 quo
1335 1147 1600 1192 cursum
1636 1148 1826 1191 suum
1863 1127 2156 1212 derigere

138 1214 463 1279 debeant?
561 1214 638 1279 Id
694 1212 867 1299 quod
916 1219 1019 1280 est
1062 1215 1704 1299 praestantissimum
1748 1216 2156 1298 maximeque

137 1303 429 1457 ἓξὲἱιιὶθ
474 1304 780 1455 1(ἰιιιιιιιὲιιε
828 1303 1003 1377 sanis
1051 1306 1119 1455 εἴ.
1156 1304 1346 1455 epuiis
1382 1308 1452 1367 et
1486 1303 1718 1455 beatis,
1751 1325 1960 1455 guizi&
1951 1303 2157 1388 d1gm

330 1413 472 1456 om
716 1391 1261 1476 ocquivoun,
1317 1412 1542 1457 omnes
1589 1412 1750 1474 opu
1819 1412 1860 1454 a
1970 1390 2155 1475 ,qui

137 1479 449 1563 efficiunt,
492 1479 733 1543 summi
778 1479 903 1543 viri
948 1483 1017 1543 et
1062 1484 1550 1544 conservatores
1597 1480 1890 1543 civitatis
1925 1482 2154 1562 putan-

58 1586 108 1623 ιε)
136 1574 261 1635 tur.
336 1566 567 1650 Neque
601 1568 777 1632 enim
805 1588 1022 1632 rerum
1050 1568 1480 1667 gerendarum
1505 1567 1830 1653 dignitate
1855 1566 2152 1631 homines

135 1656 368 1722 ecferri
425 1656 521 1718 ita
576 1656 909 1740 convenit,
958 1660 1038 1719 ut
1092 1655 1230 1720 otio
1285 1676 1420 1720 non
1462 1656 1893 1739 prospiciam,
1947 1676 2155 1739 neque

134 1744 343 1808 ullum
398 1744 756 1827 amplexari
792 1744 1047 1826 etium,
1102 1744 1276 1827 quod
1327 1743 1680 1807 abhorreat
1720 1764 1766 1807 a
1805 1744 2152 1827 dignitate.

132 1832 348 1897 Huius
396 1836 619 1895 autem
656 1832 907 1897 otiosae
945 1832 1289 1917 dignitatis
1325 1832 1486 1896 haec
1521 1830 1946 1897 fimdamenta
1977 1835 2152 1914 sunt,
2172 1836 2258 1903 46

131 1922 295 1986 haec
343 1920 664 2004 membra,
708 1941 873 2004 quae
919 1918 1162 1984 tuenda
1204 1920 1610 2004 principibus
1657 1924 1726 1984 et
1768 1918 1871 1984 vel
1919 1919 2152 2004 capitis

50 2030 105 2069 ιο
128 2010 426 2095 periculo
482 2008 881 2074 defendenda
935 2013 1113 2093 sunt,
1172 2008 1548 2094 religiones,
1605 2009 1920 2092 auspicia,
1973 2013 2153 2092 pote-

128 2103 343 2164 states
386 2096 931 2182 magistratuum,
988 2101 1253 2162 senatus
1305 2097 1694 2180 auctoritas,
1747 2097 1926 2196 leges
1937 2145 1953 2180 ,
2009 2117 2152 2160 mos

129 2185 486 2269 maiorum,
534 2185 791 2268 iudicia,
836 2185 998 2249 iuris
1046 2185 1265 2269 dictio,
1311 2185 1490 2268 fides,
1535 2185 1927 2268 provinciae,
1973 2183 2152 2267 socii,

127 2273 395 2359 imperii
443 2274 614 2357 laus,
668 2293 772 2336 nes
816 2273 1153 2355 militaris,
1206 2273 1548 2338 aerarium.
1637 2271 1890 2337 Harum
1933 2293 2152 2336 rerum
2172 2291 2240 2341 99

128 2368 238 2429 tot
304 2366 511 2446 atque
583 2365 917 2425 tantarum
990 2383 1130 2426 esse
1204 2361 1610 2426 defensorem
1673 2364 1742 2424 et
1801 2364 2153 2444 patronum

50 2471 99 2510 ιε
126 2451 362 2536 magni
434 2449 637 2514 animi
708 2453 836 2534 est,
887 2448 1142 2550 ‘magni
1210 2449 1459 2550 ingenii
1529 2466 1933 2534 magnaeque
2005 2469 2153 2512 con-

126 2538 437 2605 stantiae.
544 2537 811 2602 Etenim
882 2537 953 2602 in
1023 2541 1211 2602 tanto
1277 2538 1518 2602 civium
1577 2557 1850 2600 numero
1913 2556 2154 2622 magna

126 2627 489 2693 multitudo
536 2630 640 2690 est
685 2645 929 2710 eorum,
979 2626 1093 2708 qui
1138 2629 1253 2690 aut
1297 2629 1568 2709 propter
1609 2629 1860 2689 metum
1903 2646 2151 2709 poenae

125 2719 551 2816 peccatorum
590 2734 857 2778 suorum
894 2713 1135 2778 conscii
1170 2735 1377 2778 novos
1415 2717 1634 2777 motus
1673 2712 2152 2777 conversiones-

128 2825 259 2890 que
318 2802 414 2867 rei
466 2802 765 2888 publicae
821 2806 1159 2884 quaerant,
1220 2806 1334 2865 aut
1392 2801 1503 2885 qui
1553 2806 1826 2901 propter
1877 2801 2152 2864 insitum

46 2911 99 2950 ω
127 2891 458 2978 quendam
502 2890 703 2954 animi
740 2889 1030 2955 furorem
1066 2889 1408 2954 discordiis
1445 2889 1684 2954 civium
1721 2909 1798 2954 ac
1835 2888 2152 2953 seditione

124 2984 504 3066 pascantur,
545 2984 659 3043 aut
693 2979 811 3062 qui
845 2982 1115 3062 propter
1148 2975 1641 3061 inplicationem
1678 2977 1772 3042 rei
1808 2976 2152 3040 familiaris

126 3068 465 3136 communi
520 3066 815 3133 incendio
867 3067 1102 3131 malint
1148 3087 1344 3149 quam
1389 3085 1508 3129 suo
1554 3065 1931 3150 deflagrare.
2023 3063 2151 3139 Qui

126 3177 281 3224 cum
322 3161 575 3221 tutores
612 3159 767 3219 sunt
804 3158 870 3219 et
901 3155 1099 3218 duces
1128 3173 1396 3218 suorum
1424 3153 1791 3217 studiorum
1817 3152 2152 3216 vitiorum-

126 3267 257 3330 que
304 3244 503 3326 nacti,
546 3243 617 3307 in
656 3263 731 3308 re
766 3242 1029 3326 publica
1062 3242 1301 3306 fluctus
1339 3242 1724 3341 excitantur,
1769 3243 1845 3305 ut
1879 3239 2150 3324 vigilan·

44 3351 97 3392 ³⁵
126 3337 286 3401 dnm
314 3331 453 3398 sit
434 3332 535 3415 iis,
568 3331 686 3415 qui
714 3330 841 3395 sibi
871 3329 1311 3416 gubernacula
1336 3328 1588 3413 patriae
1615 3329 2151 3411 depoposcerunt,

126 3421 639 3521 enitendumque
686 3419 869 3483 omni
915 3418 1191 3484 scientia
1231 3439 1312 3482 ae
1351 3416 1724 3501 diligentia,
1775 3420 1854 3480 ut
1900 3437 2151 3480 conser-

124 3511 305 3576 vatis
350 3508 453 3593 iis,
498 3529 661 3592 quae
700 3523 827 3592 ego
864 3507 1060 3591 paulo
1099 3509 1249 3570 ante
1285 3505 1712 3569 fundamenta
1743 3524 1822 3567 ac
1857 3503 2152 3568 membra
