2550 3875
720 135 725 139 ’
776 166 929 223 CAP.
968 173 1177 222 40—42
1218 173 1247 233 s
1290 173 1584 222 103—109.
2077 170 2205 233 411

182 351 403 394 secum
440 327 823 415 Anagninos
858 327 1149 412 haberet,
1184 328 1538 394 Mustelam
1573 334 1642 396 et
1675 327 2021 414 Laconem,
2058 352 2212 414 quo·

182 439 331 486 rum
385 417 552 482 alter
607 416 976 500 gladiorum
1030 421 1133 481 est
1185 417 1516 501 princeps,
1580 417 1749 484 alter
1803 419 2207 502 poculorum.

184 504 357 582 Quid
413 524 536 591 ego
589 504 741 570 illas
795 505 988 570 istius
1043 504 1253 569 minas
1310 505 1865 589 contumeliasque
1922 527 2198 572 comme-
2213 519 2312 568 10⁷

182 614 452 677 morem,
490 592 727 676 quibus
756 592 1051 658 invectus
1080 597 1183 658 est
1207 593 1278 657 in
1309 590 1649 676 Sidicinos,
1686 593 1947 661 vexavit
1973 593 2210 660 Puteo-

5 715 7 772 ,
108 700 146 741 s
181 682 399 764 Ianos,
455 681 629 764 quod
676 679 745 746 C.
792 678 1093 746 Cassium
1148 684 1216 744 et
1259 680 1504 746 Brutos
1549 686 1864 764 patronos
1911 683 2210 766 adoptas-

4 797 8 846 Q
180 769 375 834 sent?
474 767 718 854 Magno
785 768 1047 853 quidem
1112 769 1328 834 studio
1341 819 1358 852 ,
1420 768 1688 853 iudicio,
1749 769 2208 854 benivolentia,

182 857 489 940 caritate,
540 878 699 922 non.
729 861 805 922 ut
859 860 925 922 te
981 860 1048 921 et
1094 855 1390 921 Basilum
1441 856 1507 921 vi
1564 860 1630 921 et
1686 857 1884 922 armis
1930 862 1997 922 et
2043 858 2208 925 alios

180 945 387 1010 vestri
443 944 716 1028 similes,
770 966 937 1027 quos
994 944 1251 1011 clientis
1305 965 1499 1009 nemo
1550 944 1792 1010 habere
1837 945 2025 1029 velit,
2076 968 2210 1012 non

182 1032 378 1098 modo
425 1032 691 1097 illorum
736 1032 936 1098 cliens
984 1054 1142 1098 esse.
1232 1029 1492 1099 Interea.
1535 1032 1691 1096 dum
1736 1035 1811 1098 tu
1857 1034 2038 1115 abes,
2094 1034 2208 1117 qui
2226 1037 2315 1099 42

80 1146 151 1186 ιο
182 1120 322 1186 dies
376 1119 489 1184 ille
544 1121 852 1205 conlegae
907 1120 1007 1188 tui
1050 1119 1205 1204 fuit,
1261 1142 1410 1184 cum
1455 1119 1645 1204 illud,
1699 1120 1872 1204 quod
1916 1123 2209 1185 venerari

1 1222 2 1260 ¹
180 1208 463 1291 solebas,
508 1209 777 1273 bustum
818 1207 889 1272 in
922 1207 1066 1272 foro
1106 1208 1368 1272 evertit!
1444 1207 1588 1284 Qua
1623 1229 1694 1272 re
1729 1207 1856 1272 tibi
1890 1209 2210 1290 nuntiata,

180 1299 261 1364 ut
315 1296 661 1362 constabat
713 1296 889 1360 inter
943 1318 1082 1379 eos,
1148 1296 1259 1379 qui
1317 1317 1446 1364 una
1499 1295 1791 1379 fuerunt,
1851 1296 2208 1362 concidisti.

184 1383 359 1460 Quid
414 1383 702 1448 evenerit
754 1387 1015 1468 postea,
1072 1384 1321 1468 nesci03
1375 1387 1625 1448 metum
1680 1383 1871 1449 credo
1927 1383 2209 1449 valuisse

182 1475 255 1537 et
314 1493 523 1556 arma3
586 1470 928 1557 conlegam
983 1471 1244 1555 quidem
1300 1472 1378 1538 de
1435 1472 1614 1537 caelo
1669 1471 2012 1538 detraxisti
2067 1471 2212 1540 effe-

90 1586 154 1626 15
184 1559 467 1644 cistique
512 1580 647 1624 non
686 1563 761 1624 tu
799 1559 1059 1642 quidem
1098 1559 1297 1624 etiam
1331 1581 1522 1644 nunc,
1556 1563 1634 1625 ut
1657 1559 1906 1626 'similis
1944 1559 2061 1642 tui,
2099 1561 2211 1625 sed

183 1651 363 1714 certe
407 1652 484 1712 ut
528 1647 866 1712 dissimilis
914 1652 1087 1712 esset
1133 1647 1251 1712 sui.

5 1808 13 1823 Ι
320 1732 447 1811 Qui
504 1757 657 1801 vero
712 1734 861 1800 inde
907 1734 1152 1800 reditus
1198 1735 1506 1819 Romam,
1562 1757 1726 1819 quae
1785 1736 2197 1820 perturbatio
2211 1703 2352 1846 iffi)

5 1836 15 1905 3
186 1823 397 1890 totius
441 1822 649 1888 urbis!
741 1821 1244 1888 Memineramus
1293 1822 1569 1890 Cinnam
1613 1823 1809 1888 nimis
1855 1827 2210 1907 potentem,

189 1910 443 1977 Sullam
477 1915 709 1996 postea
736 1910 1198 1997 dominantem,
1233 1911 1428 1978 modo
1457 1910 1802 1979 Caesarem
1830 1915 2213 1998 regnantem

96 2026 159 2066 20
189 2000 577 2065 videramus.
664 1999 876 2065 Erant
920 1999 1202 2065 fortasse
1247 2000 1477 2086 gladii,
1523 2001 1636 2065 sed
1680 2000 2050 2067 absconditi
2093 2023 2214 2067 nec

184 2091 285 2153 ita
348 2087 559 2153 multi.
658 2086 801 2153 Ista
861 2110 1015 2154 vero
1082 2110 1247 2172 quae
1302 2092 1371 2153 et
1426 2092 1671 2172 quanta
1724 2088 2030 2156 barbaria
2081 2091 2211 2155 est!

187 2176 471 2261 Agmine
519 2176 836 2259 quadrato
887 2198 1035 2241 cum
1070 2176 1308 2262 gladiis
1347 2181 1672 2260 secuntur,
1719 2180 2054 2243 scutorum
2089 2176 2214 2243 lec-

188 2265 357 2329 ticas
401 2263 653 2347 portari
697 2263 1005 2329 videmus.
1078 2264 1300 2349 Atque
1346 2263 1450 2329 his
1497 2264 1760 2347 quidem
1804 2265 1936 2329 iam
1971 2266 2212 2332 invete-

186 2352 370 2435 ratis,
414 2355 637 2435 patres
674 2352 1043 2436 conscripti,
1089 2352 1552 2418 consuetudine
1589 2354 2043 2439 obduruimus;
2085 2351 2213 2419 Ka-

100 2466 159 2507 ιε
188 2440 399 2505 lendis
453 2438 660 2505 Iuniis
725 2461 870 2505 cum
923 2441 993 2504 in
1048 2444 1371 2525 senatum,
1435 2444 1512 2505 ut
1565 2445 1707 2506 erat
1761 2442 2214 2527 constitutum,

188 2528 409 2593 venire
466 2527 807 2611 vellemus,
870 2533 1049 2593 metu
1103 2528 1440 2612 perterriti
1493 2533 1758 2614 repente
1816 2530 2210 2616 diffugimus.

187 2615 283 2681 At
344 2616 499 2699 iste,
562 2614 675 2699 qui
738 2619 969 2681 senatu
1030 2637 1164 2681 non
1226 2620 1475 2702 egeret,
1535 2639 1745 2701 neque
1809 2618 2199 2683 desideravit
2216 2626 2318 2677 109

190 2724 583 2788 quemquam
629 2707 697 2767 et
739 2704 960 2787 potius
1007 2702 1296 2768 discessu
1338 2708 1567 2770 nostro
1613 2705 1897 2769 laetatus
1944 2709 2047 2769 est
2085 2708 2212 2769 sta-

189 2793 441 2875 timque
476 2791 595 2856 illa
630 2790 955 2857 mirabilia
990 2790 1284 2855 facinora
1320 2791 1550 2858 effecit.
1613 2791 1742 2868 Qui
1779 2791 2214 2877 chirographa

104 2898 161 2939 so
192 2879 490 2947 Caesaris
538 2878 933 2943 defendisset
978 2878 1143 2943 lucri
1182 2879 1285 2943 sui
1321 2902 1532 2963 causa,
1578 2880 1856 2967 isuleges
1896 2878 2212 2964 Caesaris,

190 2988 429 3050 easque
473 2966 859 3051 praeclaras,
904 2970 981 3031 ut
1025 2988 1164 3030 rem
1206 2968 1536 3051 publicam
1587 2972 1929 3033 concutere
1969 2971 2212 3052 posset,

190 3055 443 3120 evertit.
561 3054 925 3119 Numerum
997 3076 1315 3120 annorum
1385 3054 1739 3140 provinciis
1811 3055 2212 3140 prorogavit,

189 3144 490 3227 idemque
536 3164 684 3207 cum
728 3145 1023 3207 actorum
1060 3141 1357 3210 Caesaris
1405 3142 1705 3209 defensor
1751 3164 1892 3209 esse
1929 3143 2212 3227 deberet,

191 3234 261 3295 et
313 3231 384 3295 in
432 3229 711 3315 publicis
767 3233 834 3294 et
886 3230 957 3294 in
1009 3230 1288 3314 privatis
1341 3230 1536 3295 rebus
1585 3235 1733 3297 acta
1778 3228 2074 3296 Caesaris
2119 3253 2213 3297 re-

107 3347 164 3386 35
194 3318 405 3384 scidit.
494 3317 575 3381 In
616 3317 895 3402 publicis
938 3317 1105 3383 nihil
1157 3322 1259 3383 est
1303 3318 1448 3404 lege
1495 3318 1778 3403 gravius,
1823 3318 1894 3383 in
1936 3318 2211 3403 privatis

192 3405 642 3471 firmissimum
697 3408 798 3470 est
843 3409 1328 3471 testamentum.
1418 3405 1628 3491 Leges
1675 3407 1836 3471 alias
1885 3406 2022 3472 sine
2067 3430 2213 3491 pro-

194 3493 595 3578 mulgatione
659 3494 953 3578 sustulit,
1024 3494 1187 3559 alias
1251 3497 1327 3558 ut
1391 3494 1680 3578 tolleret,
1752 3496 2212 3581 promulgavit.
