2550 3875
345 192 475 257 518
607 192 685 246 IN
721 192 797 246 M.
837 191 1238 246 ANTONIUM
1275 191 1550 247 ORATIO
1588 192 2000 247 PHILIPPICA
2036 192 2133 246 XI.

345 355 498 436 erit,
572 354 686 437 qui
760 375 903 417 eam
976 353 1383 437 provinciam
1457 357 1600 418 tum
1670 354 2025 437 optinebit,
2098 375 2250 418 cum
2313 351 2381 418 C.

260 447 325 495 31
351 442 617 508 Cassius
655 463 777 525 pro
807 442 1120 506 consule
1101 464 1172 505 m
1199 464 1345 505 eam
1371 441 1778 525 provinciam
1805 442 2075 507 venerit.
2131 440 2381 527 Regem

343 529 732 595 Deiotarum
776 533 1033 613 patrem
1079 533 1146 593 et
1192 549 1417 614 regem
1461 528 1853 594 Deiotarum
1898 530 2139 611 filium,
2188 529 2265 613 si,
2309 534 2381 593 ut

345 618 574 683 multis
629 617 821 683 bellis
871 638 1063 702 saepe
1108 639 1381 682 numero
1429 618 1776 702 imperium
1821 618 2051 702 populi
2098 617 2381 682 Romani
2502 664 2513 673 -

343 706 658 789 iuverint,
721 706 883 769 item
947 704 1017 770 O.
1083 704 1385 770 Cassium
1448 728 1568 789 pro
1634 705 1901 771 consule
1966 705 2179 789 copiis
2245 706 2381 769 suis
2429 722 2450 761 ⁵

346 794 708 879 opibusque
736 794 1072 878 iuvissent,
1102 794 1361 858 senatui
1387 793 1759 878 populoque
1787 793 2087 858 Romano
2118 798 2385 879 gratum

346 904 487 947 esse
550 881 861 947 facturos.
968 881 1268 966 Itemque
1336 882 1391 946 si
1457 882 1667 947 ceteri¹
1720 902 1939 967 reges,
2011 882 2385 947 tetrarchae

346 971 788 1055 dynastaeque
823 969 1151 1047 fecissent,
1189 974 1491 1034 senatum
1527 970 1972 1053 populumque
2010 969 2385 1034 Romanum

344 1080 571 1123 60111111
638 1057 840 1123 officii
901 1079 1035 1122 non
1087 1058 1539 1123 immemorem
1592 1056 1905 1122 futurum.
2003 1057 2257 1159 Utique
2316 1057 2383 1124 G.

343 1146 562 1211 Pansa
606 1146 686 1213 A.
732 1146 992 1210 Hirtius
1041 1145 1361 1229 6011311163,
1412 1146 1580 1209 alter
1625 1147 1918 1229 ambove,
1964 1146 2023 1210 si
2070 1146 2165 1210 eis
2212 1146 2385 1210 vide·
2410 1162 2453 1201 ιο

343 1238 545 1318 retur,
582 1257 652 1299 re
689 1234 954 1317 publica
990 1238 1373 1317 recuperata
1408 1233 1486 1298 de
1524 1234 1881 1318 provinciis
1910 1234 2386 1317 6011311161111113,

345 1323 694 1406 praetoriis
761 1322 841 1387 ad
903 1322 1078 1386 hunc
1144 1322 1436 1386 ordinem
1499 1322 1713 1423 primo
1771 1343 2027 1406 1111011116
2084 1326 2387 1407 tempore

345 1411 651 1475 referant.
732 1409 994 1473 Interea
1036 1409 1409 1493 provinciae
1457 1410 1538 1473 ab
1586 1410 1689 1493 iis,
1735 1432 1775 1474 a
1812 1410 2047 1493 quibus
2088 1411 2387 1494 optinen-

347 1504 484 1582 tur,
548 1497 994 1581 optineantur,
1058 1498 1273 1581 quoad
1330 1498 1562 1582 cuique
1619 1519 1697 1562 ex
1754 1502 2021 1563 senatus
2078 1499 2385 1563 consulto

246 1650 327 1715 13
349 1608 650 1739 811ῦέῗέ
653 1590 956 1738 Πὲέιῗέυε
1013 1674 1313 1738 consulto
1371 1674 1706 1738 ardentem
1761 1674 2263 1739 inflammabitis
2322 1678 2388 1739 et
2414 1601 2458 1642 1⁵

259 1740 327 1789 3²
349 1766 674 1826 armatum
729 1762 1072 1827 armabitis
1118 1761 1619 1847 Ο633111111ς1166
1674 1762 1849 1826 6111111
1903 1762 2198 1826 animum
2244 1762 2385 1827 eius

346 1850 628 1935 potestis
682 1849 986 1952 ignorare
1041 1872 1161 1915 nec
1216 1850 1455 1933 copias.
1546 1850 1827 1915 Animus
1883 1850 1941 1915 is
2000 1854 2131 1933 est,
2190 1871 2386 1936 quem

347 1941 612 2023 videtis,
669 1939 922 2041 copiae,
970 1961 1130 2024 quas
1178 1939 1481 2021 audistis,
1526 1935 1566 1978 '³‘
1584 1936 1622 1978 *
1640 1935 1680 1978 '³‘
1723 1939 1918 2004 fortis
1966 1943 2034 2003 et
2081 1943 2385 2004 constan-

348 2029 438 2092 tis
512 2029 665 2111 viri,
739 2028 851 2110 11111
913 2049 996 2092 116
1060 2027 1208 2092 vivo
1275 2027 1536 2110 quidem
1601 2026 1927 2092 Trebonio
1993 2026 2384 2092 Dolabellae
2414 2045 2461 2083 20

349 2117 768 2181 latrocinium
830 2116 901 2179 in
958 2114 1216 2199 Syriam
1281 2118 1622 2199 penetrare
1680 2116 1959 2180 sivisset.
2059 2114 2385 2198 Allienus,

345 2204 692 2269 familiaris
739 2207 806 2267 et
839 2203 1244 2268 necessarius
1283 2224 1484 2286 meus,
1529 2208 1683 2287 post
1717 2203 2058 2268 interitum
2095 2203 2387 2269 Treboni

347 2291 644 2375 profecto
689 2313 772 2355 ne
819 2291 948 2356 dici
995 2292 1257 2374 quidem
1305 2312 1373 2356 se
1417 2292 1712 2376 legatum
1753 2290 2141 2360 Dolabellae
2186 2292 2384 2357 volet.

346 2378 474 2444 Est
521 2378 596 2455 Q.
643 2377 884 2444 Caecili
930 2377 1140 2463 Bassi,
1184 2379 1428 2463 privati
1474 2379 1653 2444 illius
1700 2380 1978 2464 quidem,
2025 2380 2141 2446 sed
2186 2379 2383 2445 fortis

263 2479 331 2528 33
351 2471 418 2532 et
461 2466 781 2551 praeclari
827 2467 980 2548 viri,
1025 2468 1337 2532 robustus
1385 2470 1452 2532 et
1495 2467 1709 2532 victor
1754 2468 2094 2532 exercitus.
2188 2467 2383 2534 Deio·
2408 2483 2459 2524 ²⁵

349 2556 479 2621 tari
526 2555 700 2640 regis
748 2558 816 2619 et
858 2555 1069 2638 patris
1117 2558 1183 2619 et
1227 2555 1350 2618 filii
1397 2560 1464 2621 et
1511 2577 1788 2642 magnus
1826 2560 1896 2620 et
1928 2561 2161 2621 nostro
2199 2578 2384 2621 more

347 2643 710 2710 institutus
752 2644 1100 2726 exercituS,
1155 2665 1412 2708 summa
1455 2644 1526 2708 in
1569 2644 1708 2708 filio
1756 2666 1933 2729 spes,
1986 2665 2245 2709 summa
2287 2644 2387 2708 in-

348 2733 526 2819 genii
561 2731 815 2796 indoles
853 2752 1232 2815 summaque
1269 2733 1499 2797 virtus.
1575 2732 1744 2808 Quid
1782 2732 1992 2797 dicam
2030 2732 2109 2797 de
2144 2733 2385 2816 patre?

349 2821 532 2886 cuius
598 2819 1042 2885 benivolentia
1095 2820 1166 2884 in
1218 2820 1535 2904 populum
1589 2819 1959 2885 Romanum
2015 2823 2119 2884 est
2169 2820 2383 2903 ipsius

349 2909 640 2993 aequalis
705 2908 937 2992 aetati3
1002 2908 1112 2990 qui
1175 2929 1310 2972 non
1368 2909 1582 2973 solum
1637 2909 1851 2974 socius
1906 2909 2385 2991 imperatorum
2411 2925 2461 2964 ³⁰

346 3002 726 3062 nostrorum
778 2995 909 3060 fuit
961 2997 1032 3060 in
1076 2995 1267 3060 bellis
1277 3045 1295 3078 ,
1349 3017 1577 3060 verum
1621 2997 1822 3060 etiam
1868 2996 1998 3060 dux
2043 2996 2386 3079 copiarum

350 3106 632 3148 suarum.
726 3084 906 3160 Quae
952 3084 1030 3148 de
1077 3084 1193 3148 illo
1240 3084 1381 3149 viro
1422 3083 1624 3168 Sulla,
1671 3105 1835 3169 quae
1873 3082 2165 3167 Murena,
2213 3105 2384 3166 quae

351 3171 684 3255 Servilius,
723 3194 886 3256 quae
916 3170 1228 3237 Lucullus
1267 3193 1465 3256 quam
1495 3176 1741 3257 ornate,
1780 3194 1978 3256 quam
2003 3171 2386 3256 honorifice,

260 3274 332 3321 34
352 3281 547 3342 quam
593 3260 882 3345 graviter
929 3282 1121 3344 saepe
1167 3261 1238 3324 in
1284 3265 1515 3325 senatu
1560 3260 2124 3344 praedicaverunt!
2208 3259 2385 3336 Quid

353 3347 430 3410 de
469 3346 583 3411 Cn.
620 3347 934 3432 Pompeio
981 3349 1258 3432 loquar?
1306 3349 1419 3431 qui
1463 3370 1669 3413 unum
1701 3347 2091 3414 Deiotarum
2126 3347 2197 3412 in
2232 3351 2383 3412 toto
2414 3365 2469 3406 ³⁵

354 3433 510 3496 orbe
564 3439 890 3500 terrarum
945 3457 1024 3501 ex
1070 3437 1289 3500 animo
1337 3437 1621 3501 amicum
1665 3458 1943 3521 vereque
1987 3435 2386 3520 benivolum,

351 3538 553 3581 unum
596 3521 854 3586 fidelem
899 3524 1143 3607 populo
1189 3523 1489 3588 Romano
1534 3525 1867 3590 iudicavit.
1946 3523 2221 3588 Fuimus
2264 3525 2388 3588 im-
