2550 3875
886 189 1038 244 CAP.
1078 195 1214 244 1-2
1253 197 1283 256 5
1324 198 1476 247 1—5.
2066 194 2197 258 345

170 349 348 432 dam,
393 353 653 414 tantum
698 349 1029 416 facultatis
1076 352 1273 416 timor
1320 353 1635 419 detrahat.
1714 353 2008 418 Primum
2054 355 2197 420 dico

167 459 298 520 pro
366 438 576 521 capite
640 437 1046 522 fortunisque
1111 441 1313 524 regis,
1380 442 1550 524 quod
1605 442 1821 525 ipsum
1885 443 2012 507 etsi
2064 465 2199 508 non

171 525 477 607 iniquum
523 528 624 590 est
669 526 738 590 in
783 531 897 591 tuo
945 528 1285 590 dumtaxat
1330 529 1618 611 periculo
1628 580 1646 613 ,
1690 535 1911 596 tamen
1956 534 2057 594 est
2101 531 2199 596 ita

171 613 569 678 inusitatum
623 634 844 698 regem
880 636 1062 678 reum
1101 616 1335 698 capitis
1374 638 1532 700 esse,
1576 621 1652 681 ut
1689 622 1839 684 ante
1875 619 2001 683 hoc
2039 623 2197 684 tem-

113 717 142 757 5
172 723 302 784 pus
339 723 473 766 non
508 701 597 765 sit
635 702 944 766 auditum.
999 702 1246 767 Deinde
1285 726 1433 768 eum
1460 725 1697 790 regem,
1745 727 1936 789 quem
1965 728 2193 771 ornare
2215 718 2247 765 2

177 792 374 852 antea
429 793 662 854 cuncto
712 811 858 854 cum
904 796 1133 854 senatu
1179 793 1470 856 solebam
1514 815 1634 877 pro
1680 794 2013 878 perpetuis
2060 795 2197 858 eius

173 877 248 940 in
301 881 616 947 nostram.
648 899 786 941 rem
830 879 1159 961 publicam
1203 881 1484 964 meritis,
1536 903 1708 946 nunc
1755 886 1982 947 contra
2029 886 2199 947 atro-

177 965 514 1029 cissimum
553 965 797 1030 crimen
834 987 1034 1051 cogor
1071 967 1426 1032 defendere.
1498 967 1789 1052 Accedit,
1830 974 1905 1034 ut
1944 992 2198 1036 accusa.-

175 1055 398 1116 torum
463 1053 732 1118 alterius
798 1054 1204 1139 crudelitate,
1269 1056 1539 1121 alterius
1603 1056 1991 1142 indignitate
2053 1079 2199 1122 con-

88 1158 144 1196 10
177 1141 422 1204 turber.
515 1139 856 1206 Crudelem
903 1140 1268 1228 Castorem,
1313 1167 1397 1209 ne
1442 1145 1653 1210 dicam
1700 1146 2085 1210 sceleratum
2131 1150 2199 1209 et

176 1229 471 1312 impium,
510 1230 620 1312 qui
657 1251 860 1313 nepos
897 1252 1089 1294 avum
1125 1232 1196 1296 in
1224 1233 1458 1315 capitis
1488 1233 1834 1297 discrimen
1862 1233 2200 1298 adduxerit

179 1317 783 1400 adulescentiaeque
814 1340 966 1382 suae
995 1323 1314 1384 terrorem
1342 1321 1640 1385 intulerit
1669 1321 1745 1405 ei,
1775 1321 1957 1386 (3111118
1987 1342 2199 1385 senec-

178 1408 392 1468 tutem
453 1406 623 1470 tueri
679 1409 745 1469 et
799 1410 1020 1491 tegere
1075 1408 1380 1492 debebat,
1445 1408 2199 1491 commendationemque

174 1492 462 1556 ineuntis
549 1492 784 1557 aetatis
881 1495 963 1558 ab
1051 1496 1390 1579 impietate
1472 1502 1539 1561 et
1612 1497 1851 1562 scelere
1923 1497 2199 1580 duxerit,

94 1604 147 1645 16
180 1580 286 1644 avi
352 1602 609 1644 servum
670 1586 1049 1665 corruptum
1102 1583 1410 1666 praemiis
1468 1585 1548 1648 ad
1604 1585 2035 1650 accusandum
2090 1585 2197 1649 do-

175 1667 428 1732 minum
510 1669 849 1753 inpulerit,
930 1692 969 1734 a
1039 1671 1407 1755 legatorum
1477 1672 1751 1755 pedibus
1829 1673 2195 1738 abduxerit!

175 1755 474 1840 Fugitivi
520 1761 739 1821 autem
785 1757 1120 1822 dominum
1165 1760 1550 1844 accusantis,
1597 1764 1664 1824 et
1708 1760 2042 1826 dominum
2089 1761 2196 1825 ab·
2216 1772 2257 1820 3

177 1847 432 1908 sentem
468 1849 535 1908 et
573 1845 907 1910 dominum
944 1846 1412 1912 amicissimum
1448 1852 1713 1913 nostrae
1749 1849 1845 1912 rei
1879 1848 2196 1932 publicae,

177 1955 325 1997 cum
374 1954 448 1997 os
493 1932 818 2018 videbam,
875 1957 1022 1999 cum
1067 1936 1267 2000 verba
1314 1936 1683 2021 audiebam,
1727 1959 1861 2002 non
1907 1941 2046 2001 tam
2092 1938 2197 2001 ad-

93 2048 146 2086 20
175 2021 425 2085 flictam
462 2021 711 2105 regiam
749 2022 1191 2088 condicionem
1228 2025 1528 2088 dolebam
1566 2047 1761 2108 quam
1798 2026 1874 2089 de
1912 2024 2195 2091 fortunis

173 2109 630 2175 communibus
668 2111 1185 2176 extimescebam.
1249 2111 1443 2196 Nam,
1483 2135 1629 2177 cum
1666 2134 1846 2177 more
1874 2113 2199 2178 maiorum

172 2198 252 2261 de
318 2218 504 2261 servo
567 2198 638 2261 in
699 2197 1034 2263 dominum
1094 2221 1176 2264 ne
1232 2201 1577 2265 tormentis
1644 2200 1905 2284 quidem
1968 2202 2193 2284 quaeri

171 2285 398 2368 liceat,
451 2285 522 2349 in
577 2306 705 2368 qua
760 2286 1138 2369 quaestione
1194 2288 1381 2353 dolor
1426 2289 1654 2353 elicere
1700 2310 1921 2353 veram
1967 2311 2193 2354 vocem

169 2372 387 2457 possit
434 2372 631 2437 etiam
679 2374 762 2437 ab
808 2373 1033 2459 invit0,
1080 2380 1345 2440 exortus
1393 2381 1492 2441 est
1538 2398 1778 2460 servus,
1825 2376 1955 2461 qui,
2003 2399 2195 2460 quem

93 2486 143 2525 25
171 2462 244 2525 in
295 2461 517 2525 eculeo
565 2462 892 2544 appellare
937 2485 1070 2528 non
1113 2467 1365 2547 posset,
1421 2486 1569 2529 eum
1616 2469 1876 2529 accuset
1921 2466 2192 2529 solutus.

309 2548 664 2614 Perturbat
725 2572 856 2633 me,
921 2548 989 2615 O.
1046 2548 1312 2635 Caesar,
1376 2552 1574 2616 etiam
1633 2552 1794 2616 illud
1847 2552 2192 2637 interdum,
2212 2599 2247 2647 4

174 2637 350 2720 quod
394 2640 631 2720 tamen,
678 2659 825 2704 cum
862 2642 928 2702 te
965 2638 1225 2721 penitus
1264 2640 1632 2723 recognovi,
1677 2640 1909 2704 timere
1946 2641 2194 2724 desin03

172 2747 242 2789 re
300 2724 474 2789 enim
527 2724 823 2808 iniquum
878 2730 1005 2810 est,
1059 2727 1172 2791 sed
1228 2731 1344 2792 tua
1400 2728 1719 2810 sapientia
1763 2728 1841 2791 fit
1888 2728 2195 2810 aequissi-

173 2835 374 2877 mum.
437 2812 609 2877 Nam
649 2813 858 2878 dicere
895 2814 1066 2897 apud
1105 2837 1252 2879 eum
1291 2815 1367 2879 de
1403 2814 1707 2899 facinore,
1745 2819 1973 2879 contra
2010 2816 2193 2880 cuius

97 2927 146 2967 8ο
173 2902 381 2965 vitam
428 2901 771 2966 consilium
817 2902 1125 2967 facinoris
1171 2902 1371 2967 inisse
1419 2924 1718 2988 arguare,
1770 2924 1917 2966 cum
1962 2924 2079 2985 per
2124 2924 2195 2967 se

173 2990 391 3072 ipsum
439 2988 825 3073 consideres,
870 3011 1066 3075 grave
1115 2995 1242 3075 est3
1285 3012 1477 3055 nemo
1526 2992 1698 3055 enim
1743 2990 1876 3053 fere
1915 2993 2033 3073 est,
2080 2990 2193 3073 qui

175 3076 276 3140 sui
332 3077 606 3160 periculi
660 3077 851 3142 iudex
909 3100 1043 3143 non
1098 3078 1224 3142 sibi
1278 3101 1347 3143 se
1405 3080 1776 3162 aequiorem
1832 3098 2028 3160 quam
2080 3099 2191 3142 reo

172 3165 501 3248 praebeat.
595 3163 721 3230 Sed
786 3170 926 3250 tua,
990 3164 1245 3250 Caesar,
1308 3171 1648 3249 praestans
1715 3166 2194 3250 singularisque

177 3257 410 3317 natura
473 3253 646 3317 hunc
709 3254 872 3317 mihi
937 3258 1185 3318 metum
1249 3254 1503 3319 minuit.
1602 3252 1754 3318 Non
1819 3253 1991 3316 enim
2056 3257 2194 3317 tam

100 3364 148 3405 35
177 3341 397 3425 time0,
445 3340 600 3424 quid
637 3344 713 3405 tu
751 3341 828 3405 de
864 3362 1016 3425 rege
1054 3342 1386 3426 Deiotaro,
1434 3363 1628 3424 quam
1664 3342 1996 3426 intelleg0,
2032 3341 2195 3423 quid

176 3429 254 3493 de
300 3433 368 3493 te
416 3432 668 3493 ceteros
705 3429 866 3493 velis
904 3428 1205 3493 iudicare.
1277 3428 1547 3493 Moveor
1584 3428 1784 3493 etiam
1820 3430 1949 3493 loci
1985 3429 2191 3512 ipsius
2214 3448 2247 3496 5

177 3516 558 3599 insolentia,
623 3516 795 3598 quod
860 3519 1114 3579 tantam
1169 3538 1459 3597 causam,
1525 3521 1770 3598 quanta
1824 3517 2006 3580 nulla
2059 3538 2186 3579 um·
