2550 3875
414 210 547 272 464
672 207 753 261 IN
790 205 865 260 M.
903 203 1294 260 ANTONIUM
1333 202 1604 260 ORATIO
1643 203 2052 259 PHILIPPICA
2088 203 2185 258 VI.

416 373 570 434 sunt
619 368 816 452 >pauci
868 367 970 430 illi
1027 367 1316 450 quidem,
1380 367 1491 431 sed
1544 371 1767 430 tamen
1821 366 2069 449 plures,
2127 385 2336 449 quam
2394 385 2464 428 re

413 457 679 541 publica
732 456 1004 541 dignum
1054 458 1184 538 est,
1240 455 1354 538 qui
1400 455 1498 518 ita
1542 455 1923 538 loquantur:
2017 452 2143 518 ‘Ne
2190 453 2462 538 legatos

416 544 678 627 quidem
725 543 1213 627 expectabimus
1226 541 1284 606 ‘?'
1360 541 1569 606 Istam
1611 546 1786 607 certe
1824 563 2051 607 vocem
2089 541 2465 607 simulatio-

413 652 692 715 nemque
732 631 1114 696 clementiae
1151 631 1568 714 extorquebit
1604 631 1753 695 istis
1791 651 1895 694 res
1932 630 2079 714 ipsa
2111 629 2466 713 [publica]

415 717 559 795 Quo
594 719 814 804 etiam,
848 723 926 783 ut
954 720 1268 784 confitear
1294 719 1502 802 vobis,
1541 717 1850 802 Quirites,
1887 719 2103 783 minus
2131 717 2465 782 hodierno
2513 732 2532 772 ⁵

416 807 519 872 die
548 806 872 892 contendi,
898 807 1114 872 minus
1142 807 1456 890 laboravi,
1483 810 1560 870 ut
1588 807 1751 871 mihi
1781 809 2044 870 senatus
2076 804 2467 870 adsentiens

416 897 776 961 tumultum
813 896 1205 977 decerneret,
1244 916 1404 980 saga
1441 896 1611 959 sumi
1646 895 1919 959 iuberet.
1973 892 2186 958 Malui
2214 893 2467 979 viginti

417 985 646 1050 diebus
718 986 873 1068 post
945 984 1337 1050 sententiam
1404 1003 1617 1046 meam
1679 982 1932 1047 laudari
1996 982 2079 1046 ab
2146 982 2466 1046 omnibus

332 1091 395 1141 17
419 1094 615 1156 quam
653 1094 694 1137 a
730 1072 956 1156 paucis
993 1072 1185 1136 hodie
1223 1070 1600 1155 vituperari.
1670 1069 2104 1154 Quapropter,
2141 1067 2465 1147 Quirites,

417 1164 790 1245 exspectate
862 1161 1234 1246 legatorum
1298 1159 1582 1223 reditum
1646 1162 1714 1223 et
1775 1179 2136 1242 paucorum
2203 1158 2466 1222 dierum
2489 1177 2526 1215 ιο

416 1248 791 1315 molestiam
855 1249 1178 1313 devorate.
1289 1245 1415 1323 Qui
1480 1269 1629 1311 cum
1691 1247 2030 1330 redierint,
2099 1245 2158 1311 si
2222 1267 2464 1330 pacem

418 1337 732 1421 adferent,
780 1335 1088 1420 cupidum
1123 1357 1246 1419 me,
1295 1335 1351 1399 si
1388 1335 1652 1418 bellum,
1692 1335 2036 1419 providum
2071 1333 2460 1400 iudicatote.

416 1425 524 1490 An
570 1444 693 1511 ego
739 1445 874 1489 non
917 1386 1299 1507 provideam
1335 1422 1498 1488 meis
1538 1385 1809 1507 civibus,
1853 1444 1987 1487 non
2022 1422 2161 1487 dies
2199 1426 2460 1487 noctes·

419 1534 545 1596 que
582 1514 661 1577 de
698 1516 920 1577 vestra
955 1512 1284 1595 libertate,
1320 1512 1398 1576 de
1426 1511 1522 1576 rei
1547 1511 1849 1596 publicae
1877 1511 2089 1576 salute
2117 1511 2458 1596 cogitem?

418 1599 587 1676 Quid
632 1600 807 1664 enim
850 1621 987 1664 non
1031 1601 1234 1664 debeo
1279 1599 1487 1683 vobis,
1536 1597 1843 1677 Quirites,
1891 1621 2084 1683 quem
2129 1620 2252 1662 vos
2301 1621 2344 1662 a
2389 1620 2454 1663 se
2479 1625 2518 1665 1⁵

418 1693 639 1754 ortum
672 1687 1050 1753 hominibus
1086 1687 1515 1753 nobilissimis
1551 1687 1852 1752 omnibus
1880 1687 2242 1752 honoribus
2271 1709 2454 1771 prae-

416 1776 713 1841 tulistis?
799 1775 907 1841 An
951 1776 1251 1860 ingratus
1302 1776 1490 1842 sum?
1563 1773 1722 1876 Quis
1769 1774 2030 1840 minus?
2078 1775 2191 1859 qui
2239 1776 2451 1859 partis

415 1865 777 1930 honoribus
824 1864 1085 1930 eosdem
1130 1864 1202 1928 in
1237 1863 1382 1928 foro
1422 1864 1597 1951 gessi
1632 1864 1892 1929 labores
1932 1884 2095 1948 quos
2133 1864 2448 1965 petendis.

416 1954 623 2019 Rudis
678 1954 749 2018 in
802 1975 873 2019 re
927 1953 1236 2037 publica?
1326 1950 1487 2027 Quis
1535 1953 1994 2018 exercitatior?
2052 1952 2166 2036 qui
2211 1952 2451 2037 viginti

358 2018 435 2079 7
415 2064 551 2107 iam
597 2062 802 2108 annos
849 2042 1098 2107 bellum
1143 2060 1370 2127 geram
1414 2063 1562 2106 cum
1607 2040 1828 2125 impiis
1875 2041 2146 2106 civibus.
2240 2037 2448 2115 Quam
2475 2068 2520 2107 20

332 2107 505 2195 18801)
561 2151 728 2214 rem,
794 2127 1109 2214 Quirites,
1175 2129 1479 2212 consilio,
1536 2133 1854 2212 quantum
1907 2132 2169 2213 potero,
2222 2128 2449 2193 labore

416 2219 567 2302 plus
620 2182 852 2301 paene,
908 2238 1105 2301 quam
1158 2221 1419 2301 potero,
1474 2217 1806 2283 excubabo
1861 2217 2284 2303 ‚vigilaboque
2330 2238 2446 2301 pro

415 2306 623 2370 101118.
714 2304 981 2369 Etenim
1033 2305 1179 2389 quis
1227 2309 1330 2369 est
1376 2304 1564 2388 civis,
1619 2306 2007 2389 praesertim
2051 2305 2177 2370 hoc
2224 2306 2446 2391 gradu,

420 2415 548 2477 quo
587 2414 691 2458 me
727 2414 844 2457 vos
883 2414 1024 2457 esse
1062 2393 1385 2477 voluistis,
1431 2397 1570 2457 tam
1609 2393 1853 2459 oblitus
1890 2393 2193 2458 beneficii
2225 2394 2444 2477 vestri,

417 2484 558 2544 tam
613 2481 957 2545 immemor
1010 2482 1291 2564 patriae,
1344 2486 1483 2545 tam
1533 2481 1837 2546 inimicus
1884 2481 2231 2567 dignitatis
2277 2502 2442 2565 suae,
2468 2512 2509 2551 2⁵

419 2590 615 2654 quem
665 2590 801 2633 non
856 2569 1123 2653 excitet,
1176 2591 1310 2634 non
1362 2570 1726 2633 inflammet
1781 2573 2007 2634 tantus
2062 2573 2279 2635 vester
2321 2570 2442 2635 iste

418 2657 817 2723 consensus?
872 2656 1119 2723 Multas
1157 2677 1561 2742 magnasque
1597 2658 1800 2722 habui
1835 2657 2064 2723 consul
2090 2657 2440 2742 contiones,

417 2746 646 2810 multis
692 2744 988 2829 interfui3
1036 2745 1288 2809 nullam
1333 2767 1646 2829 umquam
1691 2745 1824 2810 vidi
1870 2749 2156 2829 tantam,
2203 2751 2440 2829 quanta
2545 2733 2547 2751 ¹

416 2856 589 2899 nunc
615 2837 907 2898 vestrum
936 2837 1053 2898 est.
1105 2833 1326 2898 Unum
1355 2834 1615 2898 sentitis
1646 2854 1890 2917 omnes,
1915 2856 2122 2898 unum
2149 2835 2436 2918 studetis,

417 2921 505 2986 M.
560 2922 811 2987 Antoni
875 2925 1148 2987 conatus
1213 2926 1504 2986 avertere
1570 2944 1609 2985 a
1671 2944 1741 2986 re
1801 2884 2094 3006 publica,
2155 2885 2436 2987 furorem,
2459 2948 2504 2988 ao

419 3010 817 3095 extinguere,
865 3009 1230 3093 opprimere
1278 3010 1631 3074 audaciam.
1715 3008 1899 3074 Idem
1942 3010 2176 3074 volunt
2222 3032 2434 3075 omnes

420 3098 699 3182 ordines,
744 3096 973 3162 eodem
1010 3097 1400 3162 incumbunt
1436 3097 1808 3182 municipia,
1855 3098 2166 3181 coloniae,
2214 3104 2436 3164 cuncta

419 3184 632 3250 Italia.
722 3183 957 3268 Itaque
1014 3189 1314 3249 senatum
1367 3185 1532 3249 bene
1587 3206 1706 3250 sua
1757 3189 1990 3269 sponte
2034 3186 2297 3251 firmum
2338 3188 2435 3251 fir-

335 3294 399 3341 19
420 3273 697 3337 miorem
766 3277 989 3338 vestra
1060 3273 1456 3336 auctoritate
1528 3272 1798 3338 fecistis.
1906 3274 2106 3338 Venit
2169 3278 2432 3359 tempus,

420 3358 726 3443 Quirites,
764 3361 971 3424 serius
1012 3360 1297 3442 omnin0,
1335 3381 1531 3443 quam
1568 3360 1839 3446 dignum
1871 3362 2117 3463 populo
2145 3361 2431 3429 Romano
2459 3390 2502 3429 ss

418 3447 564 3529 fuit,
611 3410 726 3512 sed
766 3451 989 3511 tamen
1023 3447 1120 3510 ita
1156 3451 1505 3532 maturum,
1550 3452 1627 3512 ut
1664 3449 1963 3514 differri
1945 3472 2079 3514 1am
2115 3450 2280 3516 hora
2311 3474 2435 3517 non

418 3533 646 3613 possit.
719 3532 878 3598 Fuit
924 3534 1162 3617 aliquis
1207 3533 1433 3599 fatalis
1476 3558 1683 3620 casus,
1730 3542 1806 3602 ut
1841 3538 1940 3602 ita
1976 3538 2207 3623 dicam,
2253 3560 2432 3623 quem
