2550 3875
846 185 999 239 CAP.
1039 192 1087 255 1,
1124 192 1157 241 2
1194 193 1224 253 ς
1263 192 1418 242 1—4.
2013 192 2150 257 375

127 344 453 430 putavisti.
564 345 736 424 Quid
797 348 1068 431 putem?
1142 352 1670 451 contemptumne
1733 351 1882 416 me?
1989 351 2056 418 N
2057 375 2147 419 on
2163 366 2200 417 2

128 434 335 518 video,
386 456 505 500 nec
561 435 630 499 in
684 435 826 500 vita
874 458 996 502 nec
1039 436 1110 501 in
1155 436 1374 522 gratia
1415 459 1537 505 nec
1581 438 1652 503 in
1695 440 1890 504 rebus
1933 442 2146 527 gestis

125 544 242 588 nec
295 522 365 587 ιιι
416 522 540 589 hac
594 545 742 589 mea
793 524 1245 590 mediocritate
1300 526 1548 611 ingenii
1603 526 1760 611 quid
1813 527 1970 613 desp
1973 528 2144 595 icere

124 610 332 694 possit
375 610 723 677 Antonius.
812 612 921 677 An
973 612 1045 677 in
1098 618 1331 679 senatu
1384 614 1695 680 facillime
1749 615 1828 681 de
1883 638 1988 681 me
2037 617 2144 683 de

65 725 95 765 5
128 699 297 764 trahi
330 721 524 783 posse
563 700 879 765 credidit?
922 700 1036 784 qui
1074 701 1232 766 ordo
1272 702 1654 768 clarissimis
1691 703 1943 771 civibus
1978 705 2144 771 bene

46 791 342 883 Ι,ςθεωιι
388 787 483 853 rei
524 788 825 872 publicae
861 789 1316 855 testimonium
1351 791 1599 875 multis,
1644 791 1809 857 mihi
1843 793 1954 858 uni
1995 814 2142 859 con-

46 872 415 941 servatae
452 876 647 941 dedit.
703 876 812 941 An
843 877 1175 943 decertare
1203 900 1460 944 mecum
1487 842 1700 944 vol'uit
1727 881 2144 947 contentione

120 963 418 1029 dicendi?
520 964 667 1031 Hoc
732 965 995 1049 quidem
1056 970 1159 1031 est
1222 966 1629 1033 beneficium.
1733 966 1904 1045 Quid
1963 970 2146 1035 enim

120 1052 393 1137 plenius,
438 1053 596 1136 quid
639 1053 904 1119 uberius
951 1076 1149 1138 quam
1192 1054 1358 1119 mihi
1403 1058 1472 1120 et
1509 1078 1630 1140 pro
1667 1077 1772 1121 me
1808 1060 1878 1121 et
1915 1062 2146 1123 contra

58 1166 91 1205 o
120 1140 483 1206 Antonium
518 1141 773 1207 dicere?
828 1141 1001 1207 Illud
1036 1142 1331 1226 profecto
1364 1145 1547 1225 [est]:
1583 1165 1717 1209 ιιοιι
1743 1145 2146 1211 existimavit

120 1229 225 1296 sui
288 1226 610 1295 similibus
665 1230 930 1332 probari
985 1252 1179 1315 posse
1234 1252 1306 1297 se
1361 1252 1504 1297 esse
1556 1231 1817 1297 hostem
1871 1233 2144 1319 patriae,

115 1317 248 1384 nisi
302 1317 463 1381 mihi
518 1322 693 1383 esset
744 1319 1063 1384 inimicus.
1160 1318 1284 1385 Cui
1337 1320 1718 1405 priusquam
1773 1321 1850 1385 de
1906 1322 2140 1387 ceteris
2162 1334 2197 1384 8

42 1437 46 1473 ε
116 1406 313 1471 rebus
368 1406 752 1507 responden,
810 1407 889 1472 de
946 1407 1265 1491 amicitia,
1323 1429 1519 1491 quam
1575 1430 1616 1473 a
1668 1430 1772 1473 me
1827 1409 2144 1475 violatam

42 1512 47 1541 f
117 1514 261 1561 esse
326 1493 709 1560 criminatus
772 1499 901 1579 est,
964 1496 1137 1579 quod
1200 1516 1323 1581 ego
1377 1496 1841 1582 gravissimum
1896 1498 2141 1563 crimen

40 1581 87 1664 ξε
117 1582 362 1665 iudice,
409 1604 617 1665 pauca
662 1583 891 1648 dicam.

40 1729 43 1760 ÷
252 1669 501 1737 Contra.
534 1693 674 1736 rem
706 1693 892 1736 suam
919 1693 1022 1736 me
1049 1673 1269 1737 nescio
1297 1672 1557 1756 quando
1585 1674 1839 1738 venisse
1867 1677 2140 1757 questus
2163 1675 2206 1739 2

40 1797 46 1832 1
113 1763 236 1825 est.
290 1758 399 1823 An
434 1780 557 1845 ego
590 1781 726 1825 non
760 1760 1048 1825 venirem
1086 1764 1317 1825 contra
1351 1761 1637 1826 alienum
1672 1782 1793 1845 pro
1833 1760 2144 1826 familiari

40 1871 44 1904 ·.
111 1852 185 1915 et
220 1847 607 1931 necessario,
641 1870 776 1914 non
810 1848 1097 1913 venirem
1136 1853 1366 1913 contra
1403 1849 1688 1934 gratiam
1713 1870 1848 1914 non
1874 1849 2142 1914 virtutis

40 1944 44 1977 ²
110 1959 257 2040 spoe,
308 1935 424 2001 sed
469 1936 708 2002 aetatis
752 1936 915 2002 flore
963 1936 1354 2021 conlectam,
1398 1959 1536 2004 non
1578 1938 1866 2002 venirem
1914 1942 2145 2038 contra

40 2110 42 2117 ’
108 2113 422 2198 optinuit,
460 2135 594 2179 non
628 2114 769 2178 iure
806 2113 1182 2197 praetorio?
1260 2113 1388 2178 Sed
1423 2113 1550 2178 hoc
1585 2113 1827 2178 idcirco
1867 2134 2144 2178 comme·

108 2206 444 2268 moratum
492 2224 531 2265 a
576 2206 643 2265 te
679 2205 861 2286 pute,
905 2206 982 2266 ut
1018 2206 1085 2265 te
1122 2202 1350 2267 infimo
1390 2201 1602 2267 ordini
1639 2201 2144 2287 commendares,

108 2312 265 2356 cum
338 2311 564 2354 omnes
636 2295 693 2354 te
763 2289 1259 2354 recordarentur
1331 2288 1625 2355 libertini
1697 2310 2008 2375 generum
2075 2293 2144 2355 et

107 2379 361 2443 liberos
402 2381 554 2442 tuos
589 2381 863 2461 nepotes
902 2377 977 2454 Q.
1013 2377 1196 2463 Fadi,
1241 2378 1536 2443 libertini
1572 2378 1877 2462 hominis,
1920 2377 2144 2443 fuisse.

40 2489 75 2530 ις
109 2467 213 2532 At
259 2465 433 2531 enim
478 2468 544 2529 te
588 2465 659 2530 in
703 2465 1113 2549 disciplinam
1158 2487 1371 2531 meam
1417 2466 1778 2531 tradideras
1827 2467 2007 2549 (nam
2046 2466 2146 2531 ita

105 2551 391 2640 dixisti),
427 2552 691 2618 domum
726 2575 939 2618 meam
975 2554 1356 2620 ventitaras.
1409 2552 1511 2619 Ne
1545 2559 1638 2638 tu,
1675 2554 1732 2618 εἰ
1759 2554 1826 2618 id
1853 2553 2142 2638 fecisses,

104 2642 353 2708 melius
390 2640 622 2727 famae,
657 2642 889 2707 melius
926 2642 1279 2726 pudicitiae
1317 2646 1470 2708 tuae
1501 2642 1957 2708 consuluisses.
2015 2641 2146 2706 Sed

101 2752 325 2814 neque
372 2729 589 2795 fecisti
632 2752 769 2816 nec,
816 2730 874 2796 si
921 2751 1206 2815 cuperes,
1251 2730 1378 2795 tibi
1424 2730 1491 2795 id
1531 2753 1648 2814 per
1684 2728 1754 2795 O.
1793 2728 2146 2795 Curionem

102 2820 333 2884 facere
388 2818 697 2884 licuisset.
788 2817 1171 2905 Auguratus
1226 2819 1616 2903 petitionem
1669 2818 1832 2883 mihi
1881 2821 1948 2882 te
1997 2838 2144 2882 con·
2163 2839 2198 2887 4

38 2931 71 2970 ο
106 2907 393 2974 cessisse
436 2906 679 2972 dixisti.
756 2905 810 2972 Ο
859 2906 1308 2973 incredibilem
1355 2906 1708 2990 audaciam,
1756 2927 1795 2969 o
1835 2904 2146 2988 inpuden-

102 2997 283 3062 tiam
328 2995 850 3080 praedicandam!
928 2995 1072 3072 Quo
1118 2994 1294 3060 enim
1338 2999 1633 3078 tempore
1680 3015 1783 3058 me
1829 3014 2145 3078 augurem

100 3109 149 3152 a
199 3089 349 3150 toto
390 3084 669 3169 collegio
704 3083 1069 3168 expetitum
1103 3082 1219 3149 Cn.
1258 3082 1608 3166 Pompeius
1647 3086 1715 3146 et
1753 3081 1828 3158 Q.
1864 3080 2145 3146 Horten·

99 3174 253 3240 sius
309 3172 810 3238 nominaverunt
864 3169 1011 3258 (nec
1066 3171 1241 3236 enim
1295 3171 1538 3236 licebat
1593 3193 1632 3234 a
1683 3169 1980 3254 pluribus
2033 3189 2147 3235 no-

98 3259 412 3345 minari),
457 3262 533 3324 tu
585 3281 706 3325 nec
758 3259 1067 3325 solvendo
1124 3281 1268 3324 eras
1313 3281 1434 3324 nec
1479 3263 1546 3324 te
1591 3257 1728 3323 ullo
1775 3257 1969 3322 modo
2014 3257 2143 3322 nisi

38 3373 65 3414 5
100 3371 348 3416 eversa
402 3369 473 3412 re
526 3347 790 3432 publica
843 3347 981 3413 fore
1035 3347 1430 3413 incolumem
1482 3347 1779 3432 putabas.
1871 3345 2145 3411 Poteras

98 3442 344 3505 autem
399 3457 476 3501 eo
532 3440 825 3521 tempore
881 3439 1276 3521 auguratum
1327 3439 1578 3520 petere,
1633 3456 1782 3500 cum
1834 3434 1904 3500 in
1949 3433 2148 3499 Italia

96 3528 182 3594 O.
236 3524 439 3592 Curio
494 3545 625 3588 non
680 3527 880 3605 esset,
936 3528 1051 3588 aut
1100 3528 1271 3604 tum,
1328 3545 1476 3589 cum
1531 3545 1600 3589 es
1651 3522 1895 3606 factus,
1949 3545 2149 3588 unam
