2550 3875
820 160 974 215 CAP.
1014 167 1224 215 ,ιο-32
1263 168 1295 226 ς
1334 161 1559 216 ιι-ιε,
1640 239 1653 254 .
2081 160 2217 224 233

163 327 533 408 impetrare
579 323 922 407 potuisse?
1014 321 1189 387 Nam
1234 322 1431 387 istius
1477 322 1661 387 verbi
1709 321 1891 407 ‘quo
1938 320 2215 406 usque’

165 414 337 478 haec
382 414 648 496 poterat
694 432 836 475 esse
881 410 1151 475 invidia:
1226 409 1463 475 Datus
1502 414 1605 474 est
1641 410 1768 474 tibi
1804 411 1935 494 ille,
1981 409 2214 474 condo-

164 505 368 566 natus
415 503 519 565 est
563 500 704 584 ille3
746 521 882 564 non
927 498 1090 563 facis
1135 497 1379 562 finem?
1430 497 1599 563 ferre
1642 521 1778 564 non
1819 496 2215 598 possumus?

165 589 258 654 Ei
305 588 585 672 quidem,
633 587 764 671 qui,
807 588 973 668 quod
1011 605 1132 670 pro
1169 607 1302 651 uno
1338 585 1675 670 laborarit,
1721 586 1787 650 id
1825 587 2043 687 ipsum
2078 607 2213 650 non

109 694 137 734 ⁵
170 676 562 762 optinuerit,
625 675 755 740 dici
819 673 991 758 ‘quo
1054 673 1367 758 usqne?
1430 674 1775 738 inridentis
1838 673 2052 759 magis
2109 679 2213 739 est

167 786 371 866 quam
406 763 972 848 reprehendentis3
1014 762 1146 828 nisi
1181 761 1354 827 forte
1392 782 1515 847 ego
1552 783 1719 826 unus
1758 762 1855 826 ita
1892 784 1994 826 me
2034 764 2211 848 gessi

165 853 240 917 in
293 851 583 936 iudiciis,
645 851 743 916 ita
798 854 866 915 et
921 872 1071 916 cum
1121 850 1226 914 his
1284 853 1352 914 et
1404 850 1579 914 inter
1629 849 1753 914 hos
1808 850 1968 934 vixi,
2027 851 2085 915 is
2140 851 2212 916 ιιι

167 940 386 1006 causis
432 943 769 1024 patronUS‚
813 939 872 1004 is
917 938 990 1003 ιιι
1034 960 1103 1002 re
1148 938 1414 1022 publica
1454 937 1615 1003 civis
1653 941 1722 1002 et
1759 959 1904 1002 sum
1942 942 2009 1002 et
2047 961 2211 1004 sem-

163 1051 287 1112 per
331 1027 446 1112 fui,
493 1028 673 1093 solus
719 1030 796 1091 ut
842 1049 883 1091 a
919 1030 988 1091 te
1026 1026 1410 1110 constituar,
1456 1026 1569 1110 qui
1602 1025 1771 1090 nihil
1809 1048 1849 1090 a
1882 1025 2207 1092 iudicibus

83 1135 138 1174 1⁰
166 1117 442 1181 debeam
485 1137 800 1200 umquam
845 1115 1216 1199 impetrare.
1305 1114 1400 1179 Et
1442 1113 1606 1178 mihi
1649 1112 2062 1178 lacrimulam
2107 1114 2208 1181 Oi·
2229 1122 2257 1168 7
2265 1122 2299 1169 6

166 1204 385 1288 spiani
437 1204 664 1268 iudicii
719 1202 1030 1268 obiectas.
1123 1201 1232 1268 Sic
1278 1202 1455 1267 enim
1499 1202 1753 1266 dixisti.
1809 1201 2013 1266 Vidi
2062 1224 2206 1291 ego

163 1297 381 1356 tuam
426 1291 950 1357 lacrimulam?
1024 1290 1208 1375 Vide,
1255 1313 1453 1375 quam
1495 1311 1599 1354 me
1636 1290 1821 1355 verbi
1858 1290 1959 1354 tui
1994 1291 2210 1374 paeni-

163 1384 326 1445 teat.
418 1379 573 1445 Non
618 1380 811 1445 modo
856 1379 1296 1464 lacrimulam,
1342 1379 1455 1442 sed
1502 1379 1743 1443 multas
1789 1378 2095 1443 lacrimas
2141 1384 2211 1443 et

165 1469 401 1533 fletum
464 1489 613 1533 cum
679 1468 976 1553 singultu
1036 1466 1256 1532 videre
1319 1466 1617 1550 potuisti.
1714 1465 1823 1531 An
1881 1487 2033 1552 ego,
2096 1467 2210 1551 qui

88 1574 141 1615 ιε»
167 1578 469 1622 meorum
531 1555 819 1621 lacrimis
884 1577 988 1620 me
1051 1556 1323 1620 absente
1389 1557 1758 1620 commotus
1818 1554 2210 1639 simultates,

166 1667 334 1728 quas
408 1665 664 1709 mecum
734 1644 1050 1727 habebat,
1123 1643 1536 1744 deposuisset
1608 1663 1918 1744 meaeque
1974 1643 2209 1708 salutis

163 1755 303 1798 non
355 1733 550 1798 modo
602 1753 739 1796 non
783 1735 1226 1816 oppugnator,
1279 1735 1357 1794 ut
1401 1730 1653 1795 inimici
1698 1730 1827 1794 mei
1871 1735 2204 1816 putarant,

163 1821 283 1886 sed
320 1821 522 1885 etiam
559 1819 861 1885 defensor
894 1819 1148 1905 fuisset,
1183 1819 1433 1883 huius
1414 1841 1487 1883 ιιι
1519 1818 1809 1902 periculo
1845 1841 1980 1884 non
2008 1818 2207 1906 signi-

163 1909 435 1975 ficarem
489 1908 784 1974 dolorem
833 1908 1095 1974 meum‘?
1185 1908 1286 1973 Tu
1334 1911 1579 1991 autem,
1632 1906 2037 1992 Laterensis,
2095 1908 2207 1993 qui
2230 1917 2295 1971 77

85 2008 139 2057 ιο
165 2002 314 2063 tum
358 1998 666 2063 lacrimas
712 2019 892 2062 meas
939 2001 1164 2083 gratas
1211 2018 1353 2061 esse
1400 1996 1688 2080 dicebas,
1731 2018 1905 2061 nunc
1952 1997 2210 2061 easdem

166 2087 268 2152 vis
316 2085 673 2150 invidiosas
719 2085 969 2151 videri?
2228 2112 2318 2177 32

303 2172 528 2275 Negas
587 2173 1001 2239 tribunatum
1051 2173 1282 2238 Planci
1334 2173 1688 2257 quicquam
1743 2172 2048 2237 attulisse
2095 2173 2200 2237 ad·
2220 2200 2336 2268 (77)

163 2262 447 2327 iumenti
484 2262 796 2348 dignitati
833 2284 1014 2327 meae
1053 2266 1252 2345 atque
1288 2260 1416 2327 hoc
1453 2261 1620 2345 loco,
1658 2260 1843 2362 quod·
1859 2260 2199 2325 verissime

167 2351 385 2416 facere
414 2354 624 2451 poteS,
661 2349 734 2415 L.
767 2350 1002 2435 Racili,
1037 2349 1390 2414 fortissimi
1419 2352 1487 2413 et
1516 2347 2036 2414 constantissimi
2064 2349 2208 2433 viri,

84 2458 139 2499 ιε
168 2438 397 2503 divina
450 2439 523 2503 in
581 2460 686 2503 me
734 2439 972 2503 merita
1018 2458 1509 2503 commemoras.
1602 2435 1725 2503 Cui
1772 2437 2037 2521 quidem
2084 2459 2208 2524 ego

167 2528 345 2592 sicut
382 2525 497 2593 On.
544 2526 817 2592 Plancio
861 2547 1223 2610 numquam
1259 2524 1669 2590 dissimulavi
1708 2547 1812 2590 me
1849 2526 2209 2627 plurimum

165 2616 404 2681 debere
465 2636 850 2699 semperque
904 2636 1061 2699 prae
1115 2635 1220 2678 me
1275 2611 1512 2697 feram3
1574 2613 1791 2678 nullas
1848 2614 2023 2679 enim
2078 2614 2208 2678 sibi

163 2704 280 2768 ille
331 2724 543 2786 neque
590 2702 1044 2768 contentiones
1089 2722 1302 2786 neque
1347 2701 1728 2767 inimicitias
1773 2723 1985 2786 neque
2032 2702 2208 2767 vitae

167 2791 626 2856 dimicationes
671 2813 794 2856 nec
837 2812 958 2875 pro
1006 2812 1076 2855 re
1121 2790 1387 2874 publica
1420 2812 1542 2855 nec
1577 2812 1697 2873 pro
1737 2813 1841 2856 me
1879 2788 2209 2874 defugien-

84 2899 140 2938 ιο
166 2881 286 2945 das
331 2880 611 2963 putavit.
701 2878 924 2963 Atque
970 2878 1244 2962 utinam,
1297 2900 1492 2961 quam
1540 2899 1662 2978 ego
1712 2900 1859 2942 sum
1902 2877 1974 2942 ιιι
2018 2877 2208 2941 illum

167 2970 428 3053 gratuS,
485 2971 625 3032 tam
678 2968 975 3033 licuisset
1028 2988 1146 3050 per
1197 2967 1540 3031 hominum
1594 2967 1729 3030 vim
1784 2970 1853 3029 et
1898 2964 2207 3029 iniuriam

165 3056 415 3140 populo
452 3054 753 3121 Romano
793 3056 853 3120 ei
891 3055 1178 3142 gratiam
1214 3054 1485 3121 referre!
1554 3052 1680 3119 Sed
1718 3053 1775 3118 si
1810 3075 1946 3117 non
1983 3052 2207 3117 eadem

165 3143 508 3209 contendit
553 3144 624 3208 in
668 3145 1011 3209 tribunatu
1049 3143 1379 3227 Plancius,
1423 3142 1798 3207 existimare
1840 3141 2036 3205 debes
2074 3162 2210 3205 non

162 3231 322 3297 huic
376 3232 786 3297 voluntatem
841 3231 1152 3316 defuisse,
1208 3231 1323 3296 sed
1368 3253 1500 3316 me,
1560 3252 1710 3295 cum
1766 3233 2027 3294 tantum
2072 3228 2208 3293 iam

83 3336 136 3377 ⁸5
165 3319 440 3385 Plancio
497 3321 828 3404 deberem,
886 3319 1101 3385 Racili
1155 3319 1490 3384 beneficiis
1545 3318 1750 3382 fuisse
1806 3320 2206 3382 contentum.

163 3408 277 3473 An
303 3429 458 3473 vero
487 3412 684 3491 putas
711 3408 956 3473 idcirco
985 3407 1204 3471 minus
1233 3407 1481 3472 iudices
1508 3427 1656 3470 mea
1685 3427 1882 3470 causa
1910 3426 2052 3469 esse
2074 3404 2205 3469 fac·
2230 3416 2299 3466 78

163 3502 383 3581 turos,
449 3497 624 3580 quod
678 3518 784 3561 me
839 3517 982 3559 esse
1038 3498 1306 3580 gratum
1362 3493 1772 3559 crimineris?
1862 3492 1998 3569 An,
2058 3514 2207 3557 cum
