2550 3875
1110 0 1155 30 V

354 172 441 237 66
603 171 686 226 IN
722 171 782 228 P.
821 170 1185 226 VATINIUM
1222 169 1521 225 TESTEM
1559 167 2108 224 INTERROGATIO

297 347 334 394 2
354 356 550 418 quam
587 335 965 416 despectum
1001 332 1236 397 vellem
1273 332 1621 396 dimittere.
1688 330 1901 406 Quare
1936 352 2019 395 ne
2053 329 2178 394 tibi
2206 329 2387 393 hunc

349 423 668 486 honorem
713 443 752 484 a
797 443 900 485 me
945 421 1175 484 haberi
1217 419 1391 484 forte
1438 420 1690 502 mirere,
1744 420 1918 502 quod
1961 419 2385 502 interrogem,

353 532 549 594 quem
601 531 792 574 nemo
850 529 1231 594 congressu,
1289 530 1480 573 nemo
1538 508 1745 591 aditu,
1798 528 1992 571 nemo
2048 505 2385 591 suffragio,

351 619 544 662 nemo
609 597 902 680 civitate,
956 619 1155 662 ¹nemo
1214 597 1358 661 luce
1423 596 1693 681 dignum
1755 599 1971 678 putet,
2032 595 2220 658 nulla
2279 615 2385 657 me

355 708 552 750 causa
592 685 981 769 impulisset,
1025 684 1154 749 nisi
1190 689 1266 749 ut
1303 684 1714 749 ferocitatem
1752 685 1952 748 istam
1990 686 2174 746 tuam
2212 703 2387 746 com-

353 775 704 858 primerem
733 777 800 838 et
829 773 1165 838 audaciam
1193 772 1562 858 frangerem
1583 776 1650 837 et
1667 772 2137 856 loquacitatem
2155 771 2386 855 paucis

356 863 519 926 meis
566 861 1191 946 interrogationibus
1232 861 1571 924 inretitam
1608 861 2026 924 retardarem.
2116 858 2388 923 Etenim

357 950 660 1032 debuisti,
706 949 954 1033 Vatini,
999 949 1262 1013 etiamsi
1306 948 1474 1014 falso
1511 949 1800 1014 venisses
1838 949 1908 1012 in
1946 947 2389 1032 suspicionem

357 1037 430 1103 P.
479 1037 714 1122 Sestio,
765 1041 987 1102 tamen
1031 1037 1194 1101 mihi
1240 1037 1597 1122 ignoscere,
1646 1037 1704 1100 si
1749 1036 1819 1100 in
1865 1040 2053 1100 tanto
2098 1034 2388 1100 hominis

356 1127 435 1191 de
491 1149 595 1192 me
643 1126 890 1211 optime
937 1125 1158 1190 meriti
1201 1125 1491 1209 periculo
1539 1129 1608 1189 et
1653 1125 1936 1209 tempori
1982 1123 2120 1188 eius
2166 1127 2235 1188 et
2279 1146 2389 1187 vo-

303 1214 602 1279 3luntati
663 1236 890 1298 parere
954 1213 1325 1278 voluissem.
1438 1211 1566 1278 Sed
1628 1217 1682 1277 te
1743 1215 1841 1277 die
1902 1212 2210 1276 hesterno
2266 1233 2391 1295 pro

357 1303 740 1367 testimonio
780 1323 920 1366 esse
958 1302 1328 1386 mentitum,
1371 1323 1518 1366 cum
1556 1301 1933 1365 adfirmares
1970 1301 2224 1365 nullum
2260 1299 2393 1363 tibi

362 1392 626 1456 omnino
666 1413 814 1456 cum
844 1390 1253 1455 Albinovano
1285 1412 1650 1454 sermonem
1675 1411 1811 1454 non
1840 1389 2033 1452 modo
2062 1389 2139 1452 de
2172 1387 2391 1452 Sestio

360 1479 742 1562 accusandO,
788 1479 900 1543 sed
943 1478 1128 1542 nulla
1166 1500 1478 1561 umquam
1513 1478 1591 1542 de
1628 1499 1697 1541 re
1735 1477 1955 1560 fuisse,
2000 1477 2196 1560 paulo
2236 1480 2391 1540 ante

359 1568 712 1651 inprudens
763 1565 1093 1651 indicasti,
1152 1567 1266 1651 qui
1325 1570 1392 1630 et
1437 1565 1509 1630 Τ.
1556 1565 1901 1631 Claudium
1947 1569 2165 1630 tecum
2220 1585 2392 1630 com-

357 1655 726 1718 municasse
773 1657 840 1718 et
881 1677 920 1718 a
956 1658 1022 1718 te
1061 1655 1407 1720 consilium
1444 1653 1515 1719 P.
1556 1652 1729 1718 Sesti
1766 1653 2109 1719 accusandi
2145 1652 2392 1737 petisse

2420 1149 2474 1188 10

2422 1592 2474 1632 15

361 1747 430 1808 et
491 1742 1003 1827 Albinovanum,
1075 1765 1268 1826 quem
1334 1747 1528 1808 antea
1589 1743 1698 1807 vix
1762 1742 1890 1806 tibi
1949 1746 2183 1806 notum
2247 1763 2393 1806 esse
2460 1776 2477 1788 =

361 1830 634 1896 dixisses
644 1882 661 1914 ,
712 1831 977 1896 domum
1023 1835 1205 1895 tuam
1251 1831 1532 1915 venisse,
1577 1831 1789 1895 multa
1834 1835 2051 1894 tecum
2095 1830 2394 1895 locutum

361 1919 620 2003 dixeris,
656 1919 931 2004 denique
971 1919 1311 1985 contiones
1340 1919 1413 1984 P.
1444 1918 1619 1985 Sesti
1653 1919 1952 2003 scriptas,
1992 1940 2153 2005 quas
2181 1941 2392 2003 neque
2495 1938 2505 1947 ·

360 2012 588 2073 nosset
639 2029 849 2092 neque
903 2009 1186 2093 reperire
1239 2013 1491 2093 posset,
1547 2012 1613 2073 te
1664 2007 2079 2073 Albinovano
2135 2008 2389 2073 dedisse
2418 2036 2473 2075 20

362 2118 602 2181 easque
646 2096 718 2161 in
760 2096 885 2161 hoc
929 2097 1170 2162 iudicio
1217 2118 1358 2161 esse
1403 2097 1730 2161 recitatas.
1821 2096 1901 2161 In
1943 2118 2071 2179 quo
2110 2097 2394 2160 alterum

363 2206 433 2249 es
481 2183 834 2268 confessus,
881 2207 920 2248 a
964 2188 1031 2249 te
1077 2189 1489 2250 accusatores
1538 2206 1680 2250 esse
1724 2186 2083 2251 instructos
2132 2188 2199 2248 et
2246 2186 2393 2249 sub-

363 2276 659 2355 ornatos,
714 2272 783 2336 in
837 2273 1043 2338 altero
1099 2274 1610 2338 inconstantiam
1664 2277 1847 2338 tuam
1904 2296 2053 2338 cum
2104 2272 2393 2356 levitate,

363 2364 508 2426 tum
563 2361 763 2425 etiam
811 2362 1098 2445 periurio
1152 2361 1536 2445 inplicatam
1580 2361 1910 2446 refellisti,
1966 2384 2140 2444 cum,
2198 2384 2393 2445 quem

366 2470 405 2511 a
486 2452 553 2512 te
630 2448 1102 2514 alienissimum
1175 2471 1315 2514 esse
1390 2449 1691 2534 dixisseS,
1775 2470 1923 2514 eum
1996 2450 2174 2514 domi
2239 2454 2391 2513 tuae
2420 2476 2472 2517 25

364 2535 585 2620 fuisse,
631 2558 826 2620 quem
871 2537 1459 2621 praevaricatorem
1504 2560 1645 2603 esse
1693 2539 1775 2603 ab
1822 2538 2015 2603 initio
2054 2537 2393 2621 iudicasse,

367 2624 428 2777 31
450 2628 586 2776 dte,
649 2646 812 2709 quos
877 2630 1178 2710 rogasset
1229 2628 1312 2691 ad
1364 2627 1799 2691 accusandum
1852 2627 2089 2711 libroS,
2152 2626 2392 2691 dixeris

411 2734 446 2777 e
519 2734 641 2777 sse.

303 2767 347 2830 2
503 2800 798 2865 Nimium
844 2823 914 2866 es
959 2803 1307 2868 vehemens
1352 2802 1662 2887 feroxque
1707 2807 1973 2885 natura3
2019 2825 2155 2868 non
2197 2807 2393 2886 putas

309 2856 348 2905 4

366 2977 718 3043 iucundum
769 2982 836 3042 et
880 2978 1313 3045 honorificum
1360 2980 1440 3043 ad
1487 2980 1663 3044 auris
1712 2983 1860 3043 tuas
1910 2979 2177 3044 accidat.
2270 2978 2394 3044 Ve-

364 3064 530 3131 nisti
556 3065 764 3131 iratus
795 3066 1115 3150 omnibus,
1149 3067 1321 3151 quod
1350 3087 1493 3152 ego,
1522 3068 1795 3133 simulac
1823 3072 1891 3133 te
1920 3068 2161 3153 aspexi,
2187 3068 2395 3151 prius-

369 3174 566 3235 quam
592 3154 776 3237 loqui
803 3155 1096 3239 coepisti,
1125 3178 1273 3220 cum
1303 3159 1454 3219 ante
1481 3153 1751 3238 Gellius,
1777 3156 2107 3221 nutricula
2134 3156 2396 3221 seditio-

367 3262 592 3306 sorum
611 3242 919 3327 omnium,
946 3243 1399 3308 testimonium
1420 3244 1681 3327 diceret,
1710 3244 1884 3309 sensi
1905 3248 2101 3328 atque
2120 3244 2392 3329 providi.

365 2888 467 2954 fas
523 2910 664 2955 esse
719 2890 990 2956 verbum
1045 2912 1123 2955 ex
1177 2913 1289 2956 ore
1345 2891 1517 2957 exire
1575 2892 1989 2974 cuiusquam,
2044 2893 2219 2975 quod
2261 2913 2396 2956 non
2420 2920 2475 2958 30

365 3327 662 3412 Repente
717 3330 891 3395 enim
943 3334 1012 3394 te
1062 3334 1403 3413 tamquam
1448 3354 1712 3416 serpens
1760 3354 1795 3397 e
1839 3332 2137 3397 latibulis
2186 3333 2392 3398 oculis
2420 3358 2472 3399 35

369 3416 824 3502 eminentibus,
867 3418 1097 3483 inflato
1143 3419 1332 3496 collo,
1379 3420 1647 3485 tumidis
1692 3421 2052 3486 cervicibus
2090 3420 2394 3505 intulisti,

367 3505 444 3565 ut
491 3503 652 3567 mihi
697 3510 1045 3571 renovatus
1091 3506 1204 3570 ille
1251 3511 1405 3573 tuus
1451 3509 1524 3573 in
1568 3512 1639 3573 to
1669 3506 1805 3549 *²¹²*
