2550 3875
370 159 459 225 90
935 154 1077 211 PRO
1114 154 1190 210 M.
1229 153 1492 210 effluo
1530 152 1815 209 οιιΑΤιο.

371 342 519 385 ιιιιιι
542 322 1013 385 nocturnorum
1039 316 1312 382 testium
1337 316 1745 400 pertimesco.
1789 314 1917 381 Est
1944 314 2119 381 enim
2136 314 2378 380 dictum

372 408 454 473 ab
493 407 625 471 illis
662 407 820 490 fore,
857 406 972 490 qui
1007 405 1297 471 dicerent
1332 426 1565 469 uxores
1604 425 1756 469 suas
1793 425 1834 469 a
1870 425 2029 469 cena
2054 403 2377 467 redeuntis

373 498 760 561 attrectatas
805 514 947 559 esse
993 515 1034 558 a
1069 490 1309 559 Caelio.
1404 490 1649 557 Graves
1686 495 1877 558 erunt
1910 490 2226 575 homines,
2270 490 2379 574 qui
2532 527 2534 613 1

370 583 500 649 hoc
550 582 751 648 iurati
803 581 1016 647 dicere
1070 580 1427 664 audebunt,
1483 602 1631 646 cum
1685 580 1775 646 sit
1818 579 1901 645 iis
1947 578 2381 644 confitendum

370 691 730 754 numquam
775 691 844 734 se
886 690 969 735 ne
1015 689 1371 770 congressu
1416 668 1680 751 quidem
1724 671 1793 732 et
1838 667 2199 733 constituto
2246 688 2381 732 coe-
2431 683 2462 726 s

311 766 354 831 9
372 759 549 843 pisse
611 759 690 823 de
750 757 954 821 tantis
1017 756 1273 821 iniuriis
1330 756 1625 839 experiri.
1727 752 1854 821 Sed
1906 758 2123 820 totum
2180 775 2381 839 genus

375 845 880 931 oppugnationis
916 844 1130 927 huius,
1165 843 1430 927 iudices,
1466 848 1534 909 et
1568 844 1702 908 iam
1736 842 2113 927 prospicitis
2152 842 2382 907 animis

374 938 468 1019 et,
531 956 680 998 cum
731 932 1076 1016 inferetur,
1138 931 1522 1015 propulsare
1577 931 1915 997 debebitis.
2004 928 2158 996 Non
2212 930 2385 994 enim

375 1023 457 1087 ab
493 1022 700 1122 isdem
745 1024 1089 1086 accusatur
1123 1018 1211 1083 M.
1250 1018 1528 1103 Caelius,
1575 1040 1616 1084 a
1658 1019 1897 1103 quibus
1945 1022 2385 1103 oppugnatur;

246 1174 250 1179 .
373 1110 592 1195 palam
644 1109 715 1173 in
769 1130 917 1173 eum
969 1108 1106 1173 tela
1157 1107 1511 1191 iaciuntur,
1566 1107 1737 1173 clam
1790 1106 2386 1208 subministrantur.
2414 1126 2471 1165 10

290 1208 357 1257 21
379 1197 609 1282 Neque
654 1196 721 1260 id
767 1217 889 1281 ego
937 1195 1108 1279 dico,
1162 1198 1239 1260 ut
1282 1194 1675 1259 invidiosum
1718 1195 1808 1259 sit
1852 1194 1923 1259 in
1966 1216 2106 1278 eos,
2152 1194 2387 1278 quibus

374 1286 736 1373 gloriosum
799 1284 1000 1348 etiam
1051 1283 1177 1349 hoc
1230 1304 1373 1348 esse
1429 1283 1646 1347 debet:
1710 1281 2100 1369 Funguntur
2153 1281 2389 1365 officio,

376 1372 728 1439 defendunt
781 1393 961 1455 suos,
1015 1371 1293 1455 faciunt,
1348 1371 1520 1454 quod
1564 1371 1691 1435 viri
1734 1370 2102 1435 fortissumi
2147 1369 2390 1451 solent3

374 1460 537 1527 laesi
592 1460 841 1543 dolent,
894 1459 1049 1523 irati
1094 1458 1473 1543 efferuntur,
1525 1462 1822 1544 pugnant
1865 1457 2170 1523 lacessiti.
2262 1453 2391 1522 Sed

374 1553 630 1613 vestrae
686 1547 1042 1648 sapientiae
1097 1550 1320 1611 tamen
1372 1551 1500 1631 est,
1554 1547 1824 1629 iudices,
1878 1568 2037 1628 ιιοιι,
2091 1545 2150 1611 si
2194 1566 2392 1610 causa
2418 1564 2475 1605 15

375 1637 554 1702 iusta
599 1640 702 1701 est
746 1634 904 1699 viris
948 1634 1234 1700 fortibus
1283 1635 1701 1720 oppugnandi
1745 1632 1833 1699 Μ.
1882 1596 2199 1717 Caelium,
2243 1632 2390 1697 ideo

376 1724 565 1789 vobis
620 1744 879 1807 quoque
930 1744 1049 1787 vos
1105 1744 1368 1788 causam
1421 1726 1655 1807 putare
1700 1744 1843 1788 esse
1888 1722 2131 1787 iustam
2178 1721 2391 1785 alieno

379 1811 590 1877 dolori
632 1811 876 1895 potius-
893 1832 1087 1895 quam
1122 1814 1381 1876 vestrae
1415 1811 1568 1876 fidei
1604 1810 1996 1877 consulendi.
2086 1809 2266 1885 Quae
2304 1809 2394 1874 sit

379 1900 732 1966 multitudo
795 1899 868 1964 in
917 1898 1090 1984 foro,
1153 1920 1318 1984 quae
1373 1920 1636 1985 genera,
1701 1920 1864 1985 quae
1920 1897 2161 1983 studia,
2225 1918 2395 1982 quae

377 1988 662 2054 varietas
742 1987 1108 2071 hominum,
1189 1988 1444 2054 videtis.
1526 1988 1661 2053 Ex
1742 1988 1865 2054 hac
1937 1987 2125 2071 copia
2196 2007 2397 2070 quam
2422 2006 2480 2046 ιο

379 2077 626 2142 multos
688 2097 829 2141 esse
893 2075 1332 2158 arbitramini,
1396 2076 1506 2160 qui
1560 2076 1938 2142 hominibus
1992 2075 2399 2159 potentibus,

380 2164 718 2251 gratiosis,
772 2164 1059 2248 disertis,
1113 2186 1262 2229 cum
1318 2163 1562 2248 aliquid
1608 2185 1720 2229 eos
1766 2162 1930 2230 velle
1976 2163 2399 2247 arbitrentur,

380 2254 556 2318 ultro
605 2273 674 2317 se
721 2252 950 2317 offerre
997 2251 1277 2336 soleant,
1324 2273 1591 2337 operam
1633 2274 1899 2336 navare,
1944 2214 2400 2316 testimonium

291 2359 360 2408 22
381 2340 721 2426 polliceri?
820 2339 966 2406 Hoc
1022 2362 1098 2405 ex
1144 2361 1379 2424 genere
1426 2340 1484 2405 si
1529 2340 1642 2424 qui
1687 2362 1755 2405 se
1800 2341 1871 2405 in
1914 2340 2041 2406 hoc
2084 2338 2401 2404 iudicium

380 2429 552 2494 forte
597 2428 1008 2513 proiecerint,
1054 2428 1448 2493 excluditote
1485 2450 1711 2493 eorum
1748 2427 2191 2512 cupiditatem,
2235 2427 2400 2490 iudi·
2430 2447 2485 2488 ιε

383 2539 507 2601 ceS,
545 2516 868 2601 sapientia
902 2519 1136 2599 vestra,
1171 2519 1248 2580 ut
1284 2515 1511 2580 eodem
1547 2520 1841 2599 tempore
1878 2519 1945 2580 et
1971 2515 2166 2581 huius
2196 2514 2403 2580 saluti

381 2609 451 2670 et
513 2604 816 2689 religioni
879 2607 1134 2670 vestrae
1198 2606 1267 2668 et
1323 2607 1550 2670 contra
1579 2603 2001 2704 ‘periculosas
2054 2603 2404 2669 hominum

381 2692 713 2794 potentias
769 2691 1136 2758 condicioni
1191 2692 1482 2756 omnium
1538 2691 1777 2756 civium
1820 2691 2181 2775 providisse
2228 2690 2405 2754 vide-

383 2781 601 2846 amini.
690 2780 1015 2863 Equidem
1059 2800 1174 2844 vos
1213 2779 1529 2845 abducam
1567 2801 1606 2844 a
1641 2779 1922 2844 testibus
1957 2800 2166 2863 neque
2202 2778 2405 2844 huius

382 2869 606 2936 iudicii
651 2867 1024 2951 veritatem,
1071 2888 1234 2952 quae
1279 2867 1525 2932 mutari
1568 2867 1749 2932 nullo
1795 2867 1988 2932 modo
2034 2870 2284 2950 potest,
2333 2867 2409 2932 in
2434 2887 2491 2926 so

383 2958 721 3023 voluntate
749 2956 1020 3021 testium
1049 2955 1376 3021 conlocari
1404 2956 1633 3039 sinam,
1670 2976 1835 3040 quae
1860 2954 2192 3020 facillume
2219 2954 2408 3040 fingi,

381 3045 564 3110 nullo
599 3043 905 3144 negotio
905 3043 1083 3109 flecti
1119 3065 1196 3109 ac
1232 3043 1606 3145 detorqueri
1640 3047 1880 3127 potest.
1968 3041 2407 3128 Argumentis

384 3153 680 3217 agemus,
735 3130 942 3216 signis
988 3130 1132 3196 luce
1178 3132 1357 3196 omni
1404 3131 1789 3196 clarioribus
1836 3131 2111 3196 crimina
2154 3129 2411 3195 refelle·

383 3241 556 3284 mus·
541 3269 558 3304 ‚
601 3240 705 3284 res
753 3240 901 3284 cum
936 3241 1026 3304 re,
1073 3240 1268 3284 causa
1304 3241 1453 3284 cum
1492 3241 1704 3303 causa,
1750 3219 1920 3284 ratio
1958 3239 2109 3284 cum
2144 3218 2409 3284 ratione

298 3307 747 3509 203Pugl1t2bgiie
801 3395 986 3458 illam
1030 3398 1289 3479 partem
1335 3417 1567 3460 causae
1612 3395 1805 3461 facile
1849 3394 2070 3479 patior
2115 3393 2415 3480 graviter
2438 3326 2495 3366 ³⁵

298 3461 454 3544 ²³et
527 3485 754 3546 ornate
827 3504 868 3546 a
928 3481 1017 3546 M.
1083 3480 1321 3547 Crasso
1393 3487 1769 3568 peroratam
1828 3483 1907 3550 de
1970 3481 2413 3548 seditionibus
