2550 3875
784 200 938 257 CAP.
977 208 1108 258 05-
1119 209 1185 257 67
1224 209 1254 269 5
1294 209 1591 258 136-140.
2105 204 2189 266 61

167 362 486 446 honores,
539 385 622 428 ne
679 364 1008 450 attingant
1061 385 1198 428 rem
1246 365 1601 449 publicam,
1653 365 1986 449 patiantur
2030 365 2196 430 viro-

170 471 325 514 rum
377 451 651 515 fortium
704 449 924 516 labore
979 473 1050 516 se
1100 453 1235 517 otio
1283 475 1401 518 suo
1445 454 1710 538 perfrui.
1803 453 1932 529 Qui
1976 457 2194 518 autem
2214 467 2319 518 133

173 539 421 603 bonam
465 537 710 603 famam
753 539 1099 623 bonorum,
1150 561 1316 624 quae
1362 542 1503 605 sola
1545 563 1695 606 vere
1740 541 1951 627 gloria
1991 541 2197 605 nomi-

170 626 325 689 nari
369 629 616 710 potest,
668 631 1004 713 expetunt,
1048 592 1193 692 aliis
1241 629 1450 694 otium
1496 650 1803 730 quaerere
1848 629 2085 695 debent
2128 631 2197 692 et

120 731 147 771 ο
173 713 569 798 voluptates,
611 736 746 779 non
789 715 933 780 sibi.
1025 714 1398 781 Sudandum
1439 721 1538 780 est
1572 717 1655 781 iis
1690 738 1810 801 pro
1848 717 2197 782 communi-

173 802 304 865 bus
352 803 724 887 commodis,
774 803 1100 868 adeundae
1145 804 1544 888 11111111011130,
1588 804 1956 869 subeundae
2004 825 2196 888 saepe

171 911 300 973 pro
365 911 436 954 re
496 890 760 974 publica
819 894 1265 975 tempestates,
1330 913 1477 956 cum
1537 893 1762 956 multis
1828 893 2194 975 audacibus,

173 978 495 1062 inprobis,
537 1000 672 1044 non
708 999 1062 1063 numquam
1099 981 1297 1044 etiam
1331 980 1709 1063 potentibus
1746 980 2197 1044 dimicandum.

173 1064 364 1130 Haec
409 1066 770 1131 audivimus
816 1067 893 1131 de
937 1068 1445 1132 clarissimorum
1481 1068 1769 1132 virorum
1806 1068 2095 1132 consiliis
2132 1071 2199 1132 et

102 1173 148 1211 ιο
173 1152 404 1238 factis,
457 1154 617 1218 haec
661 1155 1052 1240 accepimus,
1106 1155 1267 1220 haec
1311 1156 1608 1240 legimus.
1697 1154 1926 1239 Neque
1972 1177 2084 1220 eos
2129 1154 2201 1219 111

173 1241 371 1305 1311ᾶο
406 1243 660 1326 positos
695 1242 1003 1326 videmus,
1049 1244 1161 1327 qui
1197 1243 1553 1308 incitarunt
1589 1243 1935 1326 aliquando
1970 1243 2198 1326 populi

176 1329 436 1394 animos
499 1331 582 1394 ad
643 1330 1052 1414 seditionem,
1116 1335 1231 1396 aut
1285 1332 1397 1415 qui
1451 1331 1800 1416 largitione
1855 1333 2198 1395 caecarunt

175 1420 434 1482 mentes
479 1418 950 1503 imperitorum,
995 1423 1109 1484 aut
1154 1420 1265 1503 qui
1310 1419 1502 1484 fortis
1549 1423 1615 1483 et
1660 1418 1869 1484 claros
1913 1419 2089 1482 viros
2132 1421 2199 1481 et

175 1506 348 1568 bene
393 1506 471 1570 de
516 1527 585 1570 re
630 1507 892 1590 publica
935 1508 1204 1571 meritos
1243 1507 1315 1570 in
1348 1507 1659 1571 invidiam
1694 1507 1981 1590 aliquam
2014 1525 2200 1570 voca-

99 1612 148 1651 15
174 1595 432 1656 verunt.
520 1592 713 1658 Levis
757 1595 880 1659 hos
926 1616 1180 1679 semper
1221 1595 1436 1658 nostri
1479 1595 1775 1659 homines
1820 1598 1888 1658 et
1924 1594 2197 1658 audaces

175 1685 249 1744 et
284 1681 494 1746 malos
532 1685 601 1746 et
632 1682 1031 1766 perniciosos
1069 1684 1240 1747 cives
1276 1686 1685 1765 putaverunt.
1765 1681 1860 1746 At
1894 1703 2047 1746 vero
2084 1681 2199 1765 qui

170 1769 418 1833 horum
460 1769 719 1854 inpetus
761 1774 829 1834 et
855 1774 1124 1835 conatus
1150 1774 1614 1871 represserunt,
1651 1770 1764 1854 qui
1793 1769 2198 1852 auctoritate,

177 1857 296 1941 qui
345 1857 496 1942 fide,
552 1858 664 1943 qui
711 1860 1100 1944 constantia,
1157 1859 1268 1943 qui
1314 1859 1761 1945 magnitudine
1806 1857 2006 1921 animi
2053 1878 2198 1923 con-

177 1945 349 2010 311113
396 1948 735 2011 audacium
779 1948 1176 2031 restiterunt,
1220 1948 1292 2011 hi
1338 1968 1587 2031 graves,
1632 1946 1705 2010 hi
1738 1946 2083 2048 principes,
2126 1946 2199 2009 hi

100 2054 150 2091 20
177 2034 496 2117 (111003,111
523 2039 820 2100 auctores
844 2036 1039 2100 huius
1066 2035 1407 2121 dignitatis
1436 2034 1677 2121 31(1110
1658 2033 1916 2119 imperii
1945 2054 2199 2117 semper

173 2086 395 2186 habiti
441 2126 610 2187 sunt.

314 2210 414 2275 Ac
448 2232 530 2274 ne
569 2211 713 2294 quis
749 2233 830 2276 ex
863 2214 1089 2276 nostro
1127 2214 1240 2275 aut
1277 2211 1645 2295 aliquorum
1679 2213 2016 2295 praeterea
2042 2230 2197 2273 casu
2225 2192 2309 2258 67

176 2298 349 2363 113110
376 2299 548 2363 vitae
576 2299 749 2363 viam
775 2300 1210 2384 pertimescat,
1244 2321 1411 2364 unus
1438 2300 1510 2363 in
1533 2300 1658 2364 1130
1687 2298 1967 2383 civitate,
2007 2317 2198 2381 quem
2220 2283 2325 2335 ¹4⁰

181 2386 446 2469 quidem
488 2407 610 2471 ego
645 2408 915 2471 possum
950 2388 1176 2465 dicere,
1221 2388 1551 2471 praeclare
1587 2388 1687 2450 vir
1723 2387 1800 2450 de
1838 2408 1909 2451 re
1935 2386 2195 2469 publica

99 2502 151 2541 25
179 2475 473 2558 meritus,
499 2473 571 2538 L.
593 2474 909 2559 Opimius,
935 2475 1405 2561 indignissume
1433 2474 1740 2559 concidit,
1768 2474 1949 2539 cuius
1976 2494 2199 2538 monu-

179 2566 474 2627 mentum
515 2563 1077 2628 celeberrumum
1057 2586 1130 2627 m
1162 2562 1327 2645 foro,
1374 2562 1788 2647 sepulchrum
1823 2562 2199 2627 desertissu-

181 2672 363 2716 mum
406 2651 476 2714 in
518 2651 712 2716 litore
757 2650 1164 2735 Dyrrachino
1211 2614 1512 2715 relictum
1557 2653 1673 2715 est.
1763 2649 1980 2733 Atque
2024 2650 2198 2715 1111110

179 2744 405 2803 tamen
442 2739 826 2825 flagrantem
864 2739 1106 2803 invidia
1139 2742 1409 2822 propter
1443 2739 1783 2803 interitum
1820 2737 1888 2803 G.
1919 2735 2197 2802 Gracchi

183 2848 440 2911 semper
481 2828 623 2911 ipse
666 2827 947 2912 populus
982 2827 1316 2891 Romanus
1360 2826 1649 2911 periculo
1693 2826 2023 2909 liberavit3
2069 2826 2198 2889 alia

101 2943 155 2982 30
183 2915 500 2999 quaedam
554 2916 760 2980 civem
814 2916 1150 3001 egregium
1204 2914 1415 2998 iniqui
1461 2914 1683 2979 iudicii
1727 2913 2014 2997 procella
2057 2934 2198 2996 per-

181 3003 395 3068 vertit.
487 3002 703 3069 Ceteri
747 3024 901 3068 vero
949 3007 1064 3068 3111
1107 3003 1447 3086 repentina
1491 3002 1557 3065 vi
1600 3001 1884 3086 perculsi
1928 3020 2004 3065 ac
2039 3002 2197 3063 tem-

181 3095 433 3176 pestate
490 3092 791 3177 populari
843 3114 960 3175 per
1012 3092 1328 3191 populum
1381 3093 1600 3154 tamen
1652 3090 1869 3173 ipsum
1922 3089 2197 3151 recreati

183 3184 334 3245 sunt
389 3183 582 3263 atque
635 3180 921 3245 revocati
976 3183 1090 3243 aut
1134 3178 1397 3244 omnino
1442 3177 1834 3241 involuerati
1876 3175 2197 3239 inviolati-

185 3289 307 3351 que
351 3268 668 3332 vixerunt.
761 3268 852 3333 At
895 3289 1049 3332 vero
1094 3267 1162 3349 ii,
1209 3266 1321 3349 qui
1368 3269 1629 3330 senatus
1677 3263 2038 3345 consilium,
2084 3264 2197 3346 qui

105 3382 157 3423 35
185 3356 638 3422 auctoritatem
677 3357 1014 3439 bonorum,
1062 3354 1174 3437 qui
1209 3353 1513 3417 instituta
1546 3352 1869 3416 maiorum
1903 3351 2197 3435 neglexe-

186 3448 336 3508 runt
391 3448 458 3507 et
510 3444 850 3528 imperitae
905 3447 1019 3507 3111
1068 3442 1429 3507 concitatae
1484 3439 1889 3505 multitudini
1932 3437 2198 3503 iucundi

187 3554 322 3597 0330
387 3532 756 3618 voluerunt,
819 3551 1040 3597 omnes
1094 3530 1230 3595 fere
1285 3529 1382 3593 rei
1434 3527 1733 3612 publicae
1785 3547 2028 3611 poenas
2084 3529 2199 3590 aut
