2550 3875
367 200 500 265 564
598 200 678 255 m
711 201 787 255 M.
825 144 1214 255 Aru-*omum
1251 198 1521 254 ORATIO
1556 198 1961 254 PHILIPPICA
1997 197 2144 254 XIV.

369 386 403 427 e
450 362 682 429 castris
726 363 884 427 duas
930 362 1220 447 legiones
1267 362 1489 427 eduxit
1531 360 1896 426 incredibili
1934 360 2148 425 studio
2188 365 2405 444 atque

371 452 637 533 virtute,
693 454 993 533 quartam
1036 450 1244 534 illam,
1292 471 1456 533 quae
1500 450 1729 514 relicto
1774 448 2065 513 Antonio
2112 470 2180 513 se
2229 449 2401 513 olim

369 562 516 605 cum
555 538 796 603 Martia
831 539 1086 623 legione
1126 538 1477 620 coniunxit,
1523 541 1590 602 et
1628 536 1990 621 septimam,
2037 558 2201 620 quae
2241 559 2399 602 con-

369 629 606 692 stituta
658 647 736 690 ex
789 627 1112 691 veteranis
1167 627 1388 691 docuit
1439 627 1565 691 hoc
1618 625 1864 709 proelio
1916 625 2239 689 militibus
2284 626 2397 709 iis,

367 715 480 799 qui
534 712 827 780 Caesaris
889 714 1201 779 beneficia
1255 718 1647 798 servassent,
1712 716 1975 777 senatus
2029 714 2393 798 populique
2452 738 2480 779 5

365 803 645 868 Romani
709 824 929 867 carum
989 824 1225 867 nomen
1279 824 1437 867 esse.
1534 800 1657 865 His
1710 801 1948 886 viginti
2003 800 2391 867 cohortibus

365 892 546 955 nullo
601 892 898 974 equitatu
942 889 1201 955 Hirtius
1253 890 1394 973 ipse
1450 890 1735 973 aquilam
1790 892 2058 972 quartae
2102 890 2390 974 legionis

367 1001 513 1045 cum
548 978 834 1057 inferret,
879 1001 1006 1062 qua
1041 979 1284 1043 nullius
1321 977 1756 1061 pulchriorem
1794 978 2075 1060 speciem
2109 978 2391 1062 impera-

367 1068 530 1132 toris
586 1067 974 1151 accepimus,
1030 1087 1176 1131 cum
1229 1066 1443 1130 tribus
1496 1066 1745 1130 Antoni
1794 1065 2160 1151 legionibus
2206 1068 2389 1150 equi-

365 1161 637 1256 tatuque
683 1154 973 1219 conflixit
1016 1154 1367 1237 hostesque
1411 1153 1692 1218 nefarios
1735 1153 1887 1217 huic
1933 1152 2107 1217 Iovis
2146 1155 2389 1237 optimi
2424 1180 2477 1219 10

367 1244 631 1309 maximi
670 1243 1027 1325 ceterisque
1063 1243 1331 1307 deorum
1368 1240 1835 1306 immortalium
1871 1241 2152 1325 templis,
2196 1243 2388 1308 urbis

367 1333 576 1414 tectis,
620 1331 912 1395 libertati
947 1330 1172 1414 populi
1207 1329 1502 1412 Romani,
1546 1333 1808 1394 nostrae
1845 1330 2016 1393 vitae
2054 1330 2390 1414 sanguini-

368 1442 490 1503 que
534 1382 946 1483 imminentes
991 1419 1374 1503 prostravit,
1422 1381 1617 1502 fu'dit,
1665 1417 1914 1500 occidit,
1959 1421 2035 1481 ut
2081 1439 2228 1482 cum
2274 1419 2389 1483 ad-

367 1507 630 1572 modum
673 1506 895 1590 paucis
938 1510 1130 1570 nocte
1167 1510 1398 1589 tectus,
1444 1510 1623 1569 metu
1657 1505 2041 1588 perterritus
2077 1505 2387 1590 princeps

364 1596 695 1659 latronum
731 1594 984 1677 duxque
1015 1593 1276 1678 fugerit.
1351 1592 1405 1659 Ο
1437 1594 1641 1658 solem
1668 1594 1881 1677 ipsum
1910 1593 2387 1676 beatissimum,
2418 1618 2471 1659 15

367 1683 478 1766 qui
535 1686 882 1764 antequam
927 1703 995 1746 se
1041 1682 1331 1766 abderet,
1386 1681 1610 1745 stratis
1656 1681 2071 1745 cadaveribus
2114 1683 2390 1763 parrici-

277 1787 347 1839 28
368 1771 593 1834 darum
657 1791 804 1833 cum
864 1769 1088 1852 paucis
1150 1768 1511 1854 fugientem
1568 1768 1733 1833 vidit
1785 1768 2172 1833 Antonium!
2273 1770 2391 1836 An

366 1880 517 1923 vero
574 1858 918 1942 quisquam
971 1857 1300 1922 dubitabit
1350 1857 1673 1942 appellare
1720 1855 2062 1922 Caesarem
2106 1858 2389 1959 impera-

366 1946 620 2012 torem?
707 1946 911 2011 Aetas
966 1946 1104 2012 eius
1158 1950 1333 2011 certe
1387 1947 1467 2011 ab
1518 1946 1641 2011 hac
1686 1946 2012 2010 sententia
2052 1946 2385 2013 neminem

367 2035 743 2117 deterrebit,
807 2034 1325 2118 (111611ᾶο(1111(16111
1386 2034 1629 2098 virtute
1692 2034 2023 2117 superavit
2078 2037 2382 2100 aetatem.
2414 2061 2469 2099 20

364 2122 464 2187 Ac
517 2123 678 2186 mihi
728 2144 979 2222 semper
1023 2144 1099 2187 eo
1144 2122 1391 2186 maiora
1433 2121 1745 2186 beneficia
1790 2119 1859 2187 O.
1898 2120 2192 2186 Caesaris
2238 2124 2386 2188 visa

368 2214 547 2293 sunt,
593 2230 720 2293 quo
767 2210 980 2274 minus
1026 2213 1211 2274 erant
1255 2211 1337 2274 ab
1384 2213 1597 2273 aetate
1642 2209 1760 2273 illa
1802 2209 2219 2294 postulanda3
2275 2214 2385 2276 cui

368 2319 514 2362 cum
563 2296 904 2380 imperium
951 2297 1290 2380 dabamus,
1344 2297 1567 2362 eodem
1613 2301 1904 2381 tempore
1951 2298 2149 2362 etiam
2197 2320 2384 2382 spem

367 2385 503 2450 eius
557 2384 839 2448 nominis
891 2384 1361 2467 deferebamus3
1417 2385 1590 2468 quod
1636 2406 1782 2449 cum
1828 2388 1930 2450 est
1974 2392 2383 2472 consecutus,

368 2472 825 2537 auctoritatem
873 2472 1114 2537 decreti
1157 2435 1371 2537 nostri
1414 2474 1606 2537 rebus
1654 2472 1859 2558 gestis
1908 2473 2041 2537 suis
2088 2495 2381 2557 compro·
2411 2499 2462 2539 25

368 2560 563 2624 bavit.
653 2558 779 2625 Hic
835 2565 990 2644 ergo
1046 2560 1420 2625 adulescens
1470 2559 1736 2624 maximi
1781 2561 2008 2644 animi,
2061 2565 2138 2625 ut
2181 2563 2380 2626 veris·

367 2649 528 2712 sime
567 2647 795 2712 scribit
830 2646 1104 2732 Hirtius,
1147 2652 1363 2712 castra
1396 2648 1750 2712 multarum
1786 2648 2117 2734 legionum
2152 2651 2381 2732 paucis

366 2735 744 2800 cohortibus
807 2739 1062 2799 tutatus
1127 2739 1228 2800 est
1292 2736 1766 2819 secundumque
1827 2737 2147 2820 proelium
2204 2737 2381 2802 fecit.

365 2823 472 2886 Ita
524 2824 726 2887 trium
775 2823 1242 2906 imperatorum
1296 2824 1521 2907 populi
1573 2823 1852 2888 Romani
1903 2824 2172 2902 virtute,
2232 2847 2379 2890 con-

369 2911 542 2994 silio,
587 2909 900 2975 felicitate
953 2932 1084 2975 uno
1130 2911 1231 2974 die
1277 2911 1437 2976 locis
1483 2910 1778 2995 pluribus
1825 2934 1927 2976 res
1971 2913 2233 2996 publica
2277 2918 2379 2978 est
2405 2939 2458 2977 so

368 3001 762 3062 conservata.
834 2996 1126 3062 Decerno
1163 2998 1369 3083 igitur
1404 3001 1629 3064 eorum
1665 3000 1865 3064 trium
1899 3000 2159 3064 nomine
2199 3001 2378 3084 quin-

367 3085 680 3170 quaginta
742 3085 989 3150 dierum
1053 3086 1580 3187 supplicationes3
1660 3109 1914 3170 causas,
1985 3091 2061 3151 ut
2120 3089 2379 3154 honori-

363 3172 804 3323 ficeptizslsimis
847 3173 1062 3238 verbis
1109 3174 1417 3257 consequi
1461 3178 1751 3260 potuerO,
1799 3176 2193 3258 complectar
2236 3176 2380 3259 ipsa

367 3281 482 3323 sen
515 3281 594 3323 en
651 3282 705 3323 a.

267 2970 344 3034 11

278 3060 346 3108 29

495 3344 622 3410 Est
711 3349 928 3410 autem
1006 3347 1158 3411 fidei
1236 3348 1629 3432 pietatisque
1708 3353 1972 3415 nostrae
2053 3352 2377 3417 declarare
2402 3376 2449 3417 ³⁵

365 3431 743 3496 fortissimis
798 3433 1145 3518 militibus,
1201 3456 1398 3518 (1116111
1442 3458 1758 3502 memores
1804 3438 2008 3503 simus
2058 3460 2377 3523 quamque

367 3519 557 3596 grati.
640 3519 850 3594 Quam
896 3520 980 3584 ob
1025 3543 1162 3587 16111
1207 3523 1531 3605 promissa
1572 3529 1801 3590 nostra
1842 3530 2037 3610 atque
2076 3549 2171 3612 ea,
2216 3549 2377 3612 quae
