2550 3875
147 2403 214 2452 2⁷

230 71 364 137 328
721 71 863 128 PRO
900 70 975 126 Μ.
1010 67 1400 127 MARCELLO
1441 69 1727 126 ORATIO.

230 234 477 317 placet,
523 232 798 319 gloriae,
844 236 941 316 at,
987 232 1160 316 quod
1204 232 1561 296 maximum
1606 235 1733 316 est,
1777 231 2031 315 patriae
2077 233 2261 296 certe

230 343 480 404 parum.
574 320 787 396 Quare
835 320 1067 385 omitte
1102 320 1320 405 istam,
1366 341 1626 405 quaeso,
1672 319 2013 384 doctorum
2046 319 2263 383 homi-

229 431 389 472 num
441 409 512 472 in
566 408 1035 473 contemnenda
1089 412 1300 472 morte
1350 407 1787 493 prudentiam,
1839 407 1977 472 noli
2021 410 2259 471 nostro

229 496 518 579 periculo
583 517 724 560 esse
789 496 1063 580 sapiens
1170 493 1376 580 Saepe
1439 496 1613 561 enim
1674 495 1855 560 venit
1918 495 2001 559 ad
2063 515 2259 558 aures

231 605 410 648 meas
457 587 523 648 te
568 583 740 649 idem
786 583 966 648 istud
1008 584 1204 648 nimis
1253 585 1479 649 crebro
1527 584 1764 668 dicere,
1809 583 1936 647 tibi
1973 583 2135 647 satis
2182 585 2257 646 te
2316 606 2349 647 ε

230 671 487 736 vixisse.
597 670 834 756 Cred03
902 672 1016 736 sed
1087 676 1230 736 tum
1296 672 1364 736 id
1427 671 1743 756 audirem,
1816 671 1874 736 si
1938 670 2063 735 tibi
2127 669 2261 734 soli

229 760 480 824 viveres
539 763 654 824 aut
709 759 767 824 si
820 759 947 825 tibi
1001 760 1201 824 etiam
1249 759 1374 824 soli
1416 764 1612 824 natus
1658 780 1851 824 esses.
1944 756 2261 824 Omnium

233 847 514 912 salutem
578 848 817 913 civium
880 852 1308 931 cunctamque
1363 870 1502 912 rem
1555 847 1888 932 publicam
1940 868 2045 910 res
2099 850 2259 910 tuae

232 938 458 1020 gestae
524 936 898 1020 complexae
963 940 1142 1020 sunt3
1214 939 1473 1000 tantum
1538 937 1693 1001 abes
1753 957 1793 999 a
1853 933 2261 1019 perfectione

231 1024 665 1088 maximorum
729 1046 1026 1109 operum,
1087 1027 1164 1088 ut
1225 1023 1647 1088 fundamenta
1707 1023 2023 1106 nondum,
2087 1043 2259 1105 quae
2291 1048 2349 1088 ιο

234 1111 506 1197 cogitaS,
552 1112 798 1177 ieceris.
878 1112 1008 1178 Hic
1053 1115 1128 1176 tu
1175 1112 1440 1177 modum
1476 1111 1649 1176 vitae
1688 1114 1838 1175 tuae
1873 1132 2007 1175 non
2042 1110 2261 1174 salute

231 1199 328 1264 rei
371 1198 701 1284 publicae,
757 1199 870 1264 sed
925 1200 1255 1284 aequitate
1304 1199 1505 1265 animi
1550 1198 1862 1265 definies?
1955 1197 2151 1283 Quid,
2199 1198 2263 1263 si

230 1287 410 1352 istud
470 1310 552 1353 ne
617 1288 866 1372 gloriae
933 1289 1135 1368 [tuae]
1204 1288 1465 1370 quidem
1519 1287 1681 1353 satis
1737 1287 1886 1352 est?
1949 1287 2133 1351 cuius
2188 1289 2261 1350 te

233 1397 375 1440 esse
433 1375 908 1459 avidissimum,
963 1376 1258 1460 quamvis
1308 1376 1399 1440 sis
1448 1375 1731 1459 sapiens,
1784 1397 1919 1440 non
1961 1374 2259 1459 negabis,

145 1472 214 1520 26
235 1462 592 1527 ‘Parumne
677 1462 944 1549 igitur',
1025 1463 1308 1548 inquies,
1391 1463 1662 1548 ‘magna
1736 1461 2258 1546 relinquemus‘?'
2293 1485 2349 1526 15

233 1550 445 1614 Immo
523 1572 676 1615 vero
761 1551 908 1616 aliis
993 1552 1289 1636 quamvis
1370 1551 1595 1616 multis
1672 1551 1861 1634 satis,
1954 1550 2079 1615 tibi
2142 1551 2261 1614 uni

233 1660 484 1721 parum.
569 1638 891 1722 Quicquid
936 1643 1041 1703 est
1087 1640 1287 1723 enim,
1344 1639 1641 1723 quamvis
1688 1638 1979 1722 amplum
2026 1636 2147 1722 sit,
2191 1639 2261 1702 id

235 1729 339 1790 est
400 1748 632 1809 parum
687 1731 829 1791 tum
839 1778 856 1811 ‚
922 1749 1069 1792 cum
1133 1731 1235 1792 est
1298 1727 1545 1811 aliquid
1608 1726 1905 1810 amplius.
2008 1726 2261 1802 Quodsi

234 1834 452 1878 rerum
490 1817 752 1879 tuarum
788 1815 1253 1899 inmortalium,
1292 1814 1361 1881 O.
1392 1813 1650 1899 Caesar,
1684 1814 1794 1879 hic
1830 1813 2041 1879 exitus
2079 1814 2258 1878 futu-

233 1923 344 1966 rus
397 1901 554 1987 fuit,
608 1906 686 1968 ut
739 1903 1012 1969 devictis
1068 1903 1454 1969 adversariis
1504 1925 1642 1969 rem
1687 1902 2018 1987 publicam
2064 1902 2135 1967 in
2180 1925 2257 1968 eo
2290 1925 2349 1966 zo

235 1994 417 2055 statu
461 1991 886 2075 relinqueres,
939 1992 1010 2056 in
1055 2014 1184 2075 quo
1228 2013 1401 2057 nunc
1448 1996 1575 2075 est,
1628 1991 1801 2076 vide,
1857 2013 2127 2075 quaeSO,
2176 2014 2260 2055 ne

234 2082 349 2143 tua
394 2078 612 2144 divina
654 2080 866 2143 virtus
913 2079 1363 2145 admirationis
1403 2080 1551 2164 plus
1590 2080 1679 2144 sit
1713 2079 2025 2144 habitura
2060 2102 2261 2164 quam

236 2166 512 2250 gloriae,
577 2166 899 2250 siquidem
963 2168 1174 2252 gloria
1237 2173 1340 2233 est
1402 2168 1698 2232 inlustris
1764 2190 1840 2233 ac
1900 2172 2261 2253 pervagata

237 2274 624 2338 magnorum
652 2254 754 2317 vel
792 2255 863 2318 in
891 2277 1042 2320 suos
1083 2256 1254 2321 cives
1282 2256 1387 2321 vel
1413 2256 1483 2320 in
1517 2256 1801 2340 patriam
1828 2255 1931 2321 vel
1959 2255 2029 2319 in
2066 2278 2259 2321 omne

236 2360 442 2425 genus
505 2340 846 2407 hominum
907 2343 1084 2407 fama
1138 2344 1539 2409 meritorum.
1636 2343 1818 2409 Haec
1871 2343 2078 2429 igitur
2132 2345 2259 2409 tibi
2288 2365 2349 2407 25

235 2428 488 2512 reliqua
531 2451 682 2513 pars
725 2434 844 2514 est,
887 2430 997 2495 hic
1032 2434 1242 2495 restat
1278 2436 1482 2516 actus,
1524 2432 1596 2496 in
1630 2432 1757 2497 hoc
1794 2432 2262 2497 elaborandum

235 2520 364 2600 est,
417 2520 496 2581 ut
548 2539 689 2581 rem
722 2518 1055 2602 publi-cam
1101 2520 1463 2584 constituas
1471 2570 1490 2605 ,
1544 2541 1747 2604 eaque
1792 2524 1868 2585 tu
1912 2520 1984 2584 in
2026 2520 2260 2604 primis

235 2626 491 2669 summa
553 2606 1035 2690 tranquillitate
1099 2610 1168 2671 et
1229 2607 1365 2672 otio
1419 2606 1783 2692 perfruare3
1844 2612 1988 2672 tum
2042 2612 2137 2693 te,
2202 2609 2260 2674 si

235 2693 434 2777 voles,
481 2715 629 2758 cum
667 2698 734 2758 et
769 2694 1042 2778 patriae,
1079 2695 1254 2779 quod
1291 2695 1503 2780 debeS,
1541 2695 1811 2760 solveris
1850 2700 1918 2761 et
1950 2699 2261 2761 naturam

234 2780 448 2864 ipsam
513 2782 871 2865 expleveris
937 2783 1242 2847 satietate
1289 2782 1572 2868 vivendi,
1635 2784 1798 2848 satis
1854 2784 1965 2848 diu
2018 2784 2259 2849 vixisse
2288 2804 2345 2845 so

235 2866 454 2933 dicito,
532 2868 704 2945 Quid
749 2870 923 2934 enim
970 2874 1072 2935 est
1121 2871 1384 2935 omnino
1429 2871 1555 2936 hoc
1593 2872 1810 2955 ipsum
1847 2871 1976 2956 diu,
2020 2872 2092 2936 in
2128 2894 2259 2957 quo

235 2958 338 3018 est
366 2956 614 3039 aliquid
642 2958 1050 3022 extremum?
1098 2958 1286 3034 Quod
1315 2980 1461 3023 cum
1488 2959 1687 3044 venit,
1715 2960 1925 3024 omnis
1954 2960 2259 3045 voluptas

234 3044 593 3125 praeterita
636 3067 756 3129 pro
793 3045 1001 3110 nihilo
1041 3050 1158 3131 est,
1207 3046 1361 3130 quia
1396 3050 1629 3131 postea
1662 3048 1845 3112 nulla
1880 3052 1983 3112 est
2017 3047 2260 3113 futura.

237 3129 646 3215 Quamquam
691 3133 819 3197 iste
867 3137 1018 3198 tuus
1065 3134 1319 3199 animus
1363 3156 1721 3219 numquam
1764 3136 1869 3200 his
1916 3136 2261 3223 angustiis,

234 3239 396 3299 quas
441 3223 678 3283 natura
720 3220 912 3286 nobis
960 3221 1042 3285 ad
1085 3222 1430 3287 vivendum
1475 3223 1672 3308 dedit,
1722 3228 2067 3290 contentus
2112 3224 2259 3308 fuit,
2287 3242 2341 3285 ω

145 3322 214 3370 28
237 3325 494 3388 semper
537 3307 1035 3373 inmortalitatis
1073 3331 1292 3374 amore
1329 3310 1650 3395 flagravit.
1731 3311 1873 3377 Nec
1909 3334 2061 3377 vero
2097 3312 2260 3378 haec

233 3393 351 3454 tua
393 3392 533 3456 vita
577 3394 867 3459 ducenda
909 3400 1031 3478 est,
1077 3417 1240 3479 quae
1290 3418 1557 3480 corpore
1594 3403 1663 3463 et
1699 3400 1937 3485 spiritu
1974 3401 2260 3467 contine·
