2550 3875
830 208 987 265 CAP.
1028 214 1243 262 31—33
1285 215 1316 275 ξ
1357 216 1584 265 'ze—81.
2096 211 2225 275 193

175 369 378 434 ximis
428 367 957 453 communicavit,
1004 369 1257 434 socium
1304 391 1446 434 esse
1482 369 1714 454 voluit,
1761 370 2018 456 detulit,
2063 371 2226 437 invi-

178 458 380 540 tavit,
453 456 730 542 rogavit.
835 455 991 521 Non
1059 478 1205 521 sum
1267 462 1541 541 propter
1602 458 1876 522 nimiam
1939 459 2223 524 fortasse

180 545 595 611 constantiae
672 543 1101 628 cupiditatem
1174 545 1494 610 adductus
1567 545 1649 609 ad
1725 567 2017 633 causam3
2088 570 2225 614 non

179 633 631 718 postulabam,
694 636 774 696 ut
836 633 897 698 ei
962 632 1339 699 carissimus
1405 654 1643 717 esem,
1707 634 1891 700 cuius
1955 656 2079 721 ego
2138 658 2222 701 ne

128 737 153 778 ⁶
180 721 519 787 beneficiis
568 720 830 805 quidem
878 721 1275 786 sententiam
1321 742 1535 786 meam
1581 721 2016 788 tradidissem.
2094 722 2224 789 Ad-

181 809 380 875 ducta
435 831 540 874 res
596 809 668 872 in
722 813 1055 874 certamen
1109 813 1176 874 te
1224 809 1491 875 consule
1535 810 1924 896 putabatur,
1977 815 2225 896 utrum,

180 897 770 1052 ἓΐῑῃὶἳὲἕῗζιῗθ
820 919 1023 1062 0ᾜο
1047 897 1281 1071 1<ssar
1299 897 1644 1069 &33ss3ssss
1663 903 2066 1052 simffiffl
2108 922 2224 1053 iffi

178 1074 251 1139 in
300 1095 407 1138 me
454 1095 596 1140 esse
640 1095 773 1138 uno
820 1073 1079 1138 roboris
1125 1077 1194 1138 et
1239 1073 1505 1138 virtutis
1551 1074 1841 1159 putavit,
1895 1079 1998 1160 ut,
2054 1097 2220 1161 quae

106 1181 154 1220 ιο
180 1162 325 1246 ipse
374 1165 686 1248 gesserat,
733 1162 1164 1246 conciderent,
1212 1162 1269 1226 si
1317 1182 1440 1246 ego
1481 1161 1896 1248 restitissem,
1943 1174 2061 1229 cu'r
2096 1184 2220 1249 ego

178 1272 315 1315 non
351 1251 712 1336 ignoscam,
750 1250 809 1314 si
846 1249 1225 1334 anteposuit
1264 1271 1449 1314 suam
1487 1250 1768 1316 salutem
1798 1252 2023 1316 meae?
2092 1250 2221 1316 Sed
2239 1266 2310 1316 80

178 1339 543 1422 praeterita
579 1339 797 1403 mitto.
860 1336 968 1402 Me
1005 1341 1082 1402 ut
1111 1336 1226 1403 Cn.
1255 1337 1608 1421 Pompeius
1640 1339 1945 1403 omnibus
1985 1339 2222 1405 studiis

180 1427 339 1528 suis,
367 1426 727 1509 laboribuS,
755 1426 930 1528 vitae
957 1426 1268 1526 periculis
1299 1424 1677 1527 complexus
1697 1431 1817 1511 est,
1845 1450 1995 1492 cum
2016 1428 2224 1492 muni-

104 1619 153 1660 ..
180 1537 355 1668 51¹3?
376 1536 674 1686 3223?
703 1514 959 1668 ἒιῗέἷὲξέ
990 1513 2221 1689 {2³12}ssss{323‚²?;{{1053;3¹²a.135d}52¹ss,

180 1694 452 1756 senatus
484 1691 881 1756 sententiam
906 1693 1294 1775 praestaret,
1320 1691 1392 1755 in
1419 1689 1837 1756 contionibus
1863 1714 1999 1757 non
2026 1692 2220 1758 modo

180 1802 253 1845 se
300 1779 711 1845 defensorem
757 1779 993 1844 salutis
1041 1801 1242 1863 meae,
1289 1778 1404 1843 sed
1450 1777 1652 1843 etiam
1699 1779 2063 1864 supplicem
2098 1802 2220 1864 pro

181 1889 287 1932 me
332 1866 775 1953 profiteretur,
824 1867 1019 1932 huius
1065 1866 1430 1932 voluntatis
1479 1888 1648 1952 eum,
1695 1889 1890 1953 quem
1938 1869 2222 1933 multum

180 1978 378 2041 posse
423 1957 871 2041 intellegebat,
922 1956 1086 2020 mihi
1129 1978 1265 2022 non
1308 1955 1650 2022 inimicum
1695 1978 1836 2022 esse
1884 1962 2222 2043 cognorat,

104 2064 155 2102 κο
182 2045 439 2111 socium
476 2045 605 2110 sibi
641 2050 710 2109 et
747 2045 1131 2128 adiutorem,
1177 2042 1248 2110 O.
1287 2042 1654 2128 Caesarem,
1691 2044 2006 2110 adiunxit.
2077 2044 2221 2110 Iam

177 2133 363 2199 vides
412 2154 515 2198 me
562 2133 689 2198 tibi
732 2155 868 2199 non
912 2132 1253 2197 inimicum
1335 2132 1448 2197 sed
1491 2133 1780 2217 hostem,
1837 2133 2002 2219 illis,
2053 2155 2219 2218 quos

180 2221 530 2306 describis,
582 2243 719 2287 non
772 2221 967 2287 modo
1017 2243 1150 2286 non
1196 2182 1442 2285 irsstum
1456 2272 1473 2305 ,
1530 2221 1644 2286 sed
1690 2220 1893 2285 etiam
1939 2221 2220 2287 amicum

180 2332 325 2374 esse
364 2310 627 2395 debere3
674 2330 952 2394 quorum
991 2309 1174 2393 alter,
1220 2308 1288 2372 id
1327 2308 1501 2392 quod
1539 2309 1916 2394 meminerO,
1964 2332 2222 2395 semper

181 2419 391 2482 aeque
448 2398 611 2462 mihi
666 2398 914 2463 amicus
960 2396 1091 2462 fuit
1136 2418 1212 2462 ac
1260 2397 1417 2481 sibi,
1473 2397 1668 2481 alter,
1722 2398 1790 2463 id
1838 2398 2012 2481 quod
2059 2398 2222 2464 obli-

103 2506 154 2547 25
181 2486 417 2570 viscar,
454 2485 584 2551 sibi
621 2484 971 2571 aliquando
1010 2484 1284 2549 amicior
1321 2506 1516 2568 quam
1555 2485 1734 2551 mihi.
1801 2484 2053 2551 Deinde
2090 2487 2217 2552 hoc
2238 2503 2310 2552 81

178 2575 280 2638 ita
324 2574 424 2657 fit,
469 2577 547 2639 ut
590 2574 717 2639 viri
753 2573 981 2657 fortes,
1028 2573 1290 2638 etiamsi
1324 2572 1500 2637 ferro
1538 2572 1712 2639 inter
1749 2596 1818 2638 se
1857 2575 2222 2640 comminus

180 2662 600 2746 decertarint,
637 2665 860 2726 tamen
893 2661 1061 2726 illud
1099 2660 1540 2726 contentionis
1579 2662 1801 2726 odium
1838 2663 2032 2727 simul
2073 2685 2223 2727 cum

178 2751 329 2833 ipsa
373 2770 597 2835 pugna
642 2750 973 2834 armisque
1014 2749 1362 2832 deponant.
1444 2748 1674 2834 Neque
1713 2772 1816 2814 me
1852 2751 1966 2815 ille
2006 2750 2222 2815 odisse

180 2838 411 2922 potuit
453 2860 793 2923 umquam,
846 2858 930 2902 ne
987 2841 1131 2902 tum
1179 2837 1471 2922 quidem,
1529 2858 1676 2903 cum
1723 2838 2220 2903 dissidebamus.

105 2949 155 2987 ao
184 2926 412 2990 Habet
456 2926 583 2991 hoc
627 2926 859 3010 virtuS,
905 2946 1103 3009 quam
1148 2930 1223 2989 tu
1266 2948 1351 2990 ne
1398 2924 1475 2989 de
1522 2924 1688 2991 facie
1727 2926 1990 3009 quidem
2023 2925 2224 3009 nosti,

180 3018 258 3079 ut
312 3013 493 3079 viros
548 3012 756 3079 fortes
813 3014 1062 3097 species
1119 3014 1258 3079 eius
1315 3016 1385 3077 et
1434 3013 1856 3097 pulchritudo
1904 3013 2108 3077 etiam
2152 3012 2224 3076 in

178 3102 375 3168 hoste
424 3101 693 3187 cognita
738 3101 1035 3167 delectet.

314 3189 645 3274 Equidem
689 3189 902 3255 dicam
950 3212 1029 3255 ex
1074 3189 1313 3272 animo,
1357 3191 1581 3272 patres
1627 3187 2002 3270 conscripti,
2049 3188 2226 3271 quod
2245 3196 2330 3259 33

180 3278 419 3363 sentio,
465 3281 534 3341 et
579 3277 753 3362 quod
797 3278 985 3343 vobis
1033 3276 1448 3343 audientibus
1496 3298 1689 3360 saepe
1734 3275 1870 3339 iam
1906 3274 2058 3339 dixi.
2152 3273 2225 3340 Si

105 3390 154 3430 35
182 3366 350 3430 mihi
401 3387 763 3449 numquam
818 3367 1067 3431 amicus
1124 3364 1193 3431 G.
1241 3362 1485 3429 Caesar
1537 3364 1804 3447 fuisset,
1859 3364 1916 3428 si
1968 3384 2227 3448 semper

179 3454 411 3538 iratus,
458 3453 517 3517 si
563 3475 819 3538 semper
864 3455 1324 3539 aspernaretur
1369 3452 1727 3517 amicitiam
1772 3473 1986 3516 meam
2029 3472 2226 3536 seque

180 3542 348 3609 mihi
402 3541 889 3626 implacabilem
934 3539 1529 3625 inexpiabilemque
1574 3540 1948 3625 praeberet,
2002 3543 2228 3605 tamen

297 3652 412 3696 010.
442 3655 507 3697 11.
539 3656 590 3695 ε.
1837 3648 1903 3696 13
