2550 3875
254 317 300 384 5

232 408 300 458 10

324 179 452 245 166
912 178 993 232 IN
1028 176 1089 233 L.
1125 175 1453 231 PISONEM
1491 175 1780 233 ORATIO.

452 341 790 424 Nondum,
846 361 1011 424 quae
1066 340 1328 424 feceris,
1383 339 1498 404 sed
1553 361 1718 423 quae
1769 338 1914 402 fieri
1958 359 2195 422 passus
2243 337 2358 421 sie,

321 431 484 496 dico.
557 429 789 513 Neque
826 451 979 494 vero
1017 429 1301 493 multum
1336 428 1633 511 interest,
1674 427 2065 511 praesertim
2099 427 2172 491 in
2209 448 2358 491 con-

322 519 482 603 sule,
516 522 741 582 utrum
776 517 919 601 ipse
954 516 1340 601 perniciosis
1368 516 1648 602 legibue,
1685 515 2007 600 improbis
2037 514 2357 579 contioni-

320 608 444 672 bus
490 628 630 671 rem
665 604 998 690 publicam
1035 609 1225 670 vexet
1260 627 1348 668 an
1385 605 1550 670 alios
1584 625 1818 669 vexare
1856 604 2168 689 patiatur.
2247 601 2358 667 An

318 697 545 780 potest
595 693 733 758 ulla
787 715 930 758 esse
983 693 1318 758 excusatio
1363 714 1500 759 non
1545 693 1760 757 dicam
1804 693 1976 757 male
2024 690 2356 774 sentienti,
2410 723 2442 764 5

273 835 277 840 .
320 783 435 848 sed
462 783 732 866 sedenti,
762 782 1117 866 cunctanti,
1146 782 1498 846 dormienti
1523 782 1596 845 in
1623 781 1908 845 maximo
1938 781 2034 845 rei
2052 779 2356 864 publicae

320 875 510 938 motu
573 870 870 936 consuli?
962 869 1244 936 Centum
1304 892 1509 955 prope
1564 891 1769 935 annos
1825 869 2041 954 legem
2095 868 2358 934 Aeliam

320 963 391 1025 et
433 959 691 1025 Fufiam
737 964 1173 1041 tenueramus,
1219 959 1735 1045 quadringentos
1782 958 2099 1023 iudicium
2141 956 2358 1022 notio-

318 1070 597 1133 nemque
653 1047 1034 1112 censoriam.
1127 1046 1305 1123 Quas
1360 1047 1540 1132 leges
1589 1064 1788 1112 ausus
1833 1051 1938 1110 est
1980 1067 2116 1111 non
2159 1066 2356 1110 nemo

318 1137 677 1222 improbus,
721 1136 943 1220 potuit
981 1135 1244 1220 quidem
1278 1157 1475 1200 nemo
1515 1135 1894 1218 convellere,
1942 1156 2139 1218 quam
2174 1137 2358 1218 pote-
2387 1164 2441 1204 ιο

322 1229 567 1290 statem
602 1225 913 1308 minuere,
962 1245 1090 1307 quo
1130 1224 1347 1287 minus
1385 1224 1465 1289 de
1501 1223 1798 1288 moribus
1833 1223 2082 1287 nostris
2123 1221 2356 1306 quinto

206 1309 213 1316 ’
321 1335 579 1399 quoque
634 1335 805 1377 anno
860 1311 1258 1380 iudicaretur
1267 1362 1287 1396 ,
1349 1333 1542 1376 nemo
1598 1316 1739 1376 tam
1795 1311 1994 1376 effuse
2049 1310 2356 1395 petulans

234 1413 297 1463 11

265 3316 306 3379 6

241 3406 307 3454 12

321 1406 596 1468 conatus
633 1405 755 1485 est,
788 1399 953 1465 haec
990 1403 1161 1484 sunt,
1201 1422 1239 1464 0
1269 1399 1584 1464 carnifex!
1630 1400 1702 1464 in
1728 1399 2066 1484 prooemio
2089 1392 2360 1483 sepulta

321 1490 702 1556 consulatus
746 1489 877 1553 tui.
957 1488 1358 1572 Persequere
1405 1488 1818 1554 continentes
1863 1486 1968 1572 his
2015 1486 2356 1550 funeribus

322 1579 475 1643 dies.
566 1577 697 1642 Pro
744 1576 1013 1642 Aurelio
1070 1575 1388 1641 tribunali
1441 1598 1524 1642 ne
1573 1577 1914 1641 conivente
1960 1575 2225 1660 quidem
2271 1577 2356 1658 te,
2386 1604 2440 1645 15

322 1667 496 1751 quod
532 1665 750 1750 ipsum
786 1668 960 1729 esset
997 1666 1227 1749 scelus,
1274 1666 1388 1731 sed
1427 1665 1630 1730 etiam
1663 1663 2090 1729 hilarioribus
2130 1663 2357 1747 oculis,

324 1776 520 1839 quam
576 1753 813 1819 solitus
869 1774 1041 1838 eras,
1093 1754 1394 1818 intuente
1450 1753 1729 1818 dilectus
1777 1774 2116 1818 servorum
2159 1750 2358 1816 habe-

320 1844 519 1908 batur
574 1842 656 1905 ab
712 1863 817 1926 00,
873 1842 987 1926 qui
1039 1841 1207 1906 nihil
1263 1842 1394 1907 sibi
1446 1863 1760 1926 umquam
1809 1863 1930 1906 nec
1974 1839 2190 1904 facere
2234 1861 2358 1905 nec

321 1931 465 2017 pati
519 1934 712 2016 turpe
766 1953 907 1995 esse
964 1929 1167 1995 duxit.
1258 1930 1468 1995 Arma
1520 1931 1592 1995 in
1637 1929 1886 2015 templo
1934 1927 2261 2013 Castoris,
2317 1950 2355 1993 0

368 2020 621 2085 roditor
683 2021 1083 2104 templorum
1148 2020 1467 2084 omnium!
1543 2019 1803 2084 vidente
1865 2022 1933 2082 te
2000 2019 2352 2083 constitue·
2381 2048 2435 2087 20

320 2044 567 2175 bantur
602 2108 685 2172 ab
725 2130 802 2172 00
840 2109 1114 2191 latrone,
1153 2108 1258 2173 cui
1295 2107 1617 2192 templum
1645 2106 1812 2172 illud
1837 2106 1968 2171 fuit
1995 2108 2062 2170 te
2093 2106 2358 2171 consule

324 2219 442 2262 arx
501 2196 741 2261 civium
795 2196 1229 2281 perditorum,
1295 2196 1780 2280 receptaculum
1834 2198 2128 2259 veterum
2184 2192 2359 2261 Cati-

323 2287 496 2351 linae
550 2284 865 2368 militum,
928 2284 1275 2351 castellum
1328 2284 1609 2349 forensis
1663 2284 2024 2368 latrocinii,
2088 2284 2359 2347 bustum

322 2374 546 2460 legum
584 2372 877 2437 omnium
914 2394 991 2439 ac
1026 2372 1437 2458 religionum.
1501 2372 1670 2436 Erat
1704 2394 1841 2437 non
1876 2372 2091 2437 solum
2123 2371 2356 2436 domus

324 2484 486 2545 mea,
534 2461 647 2527 sed
692 2465 911 2526 totum
956 2461 1292 2525 Palatium
1339 2463 1588 2544 senatu,
1634 2459 1968 2545 equitibus
2015 2460 2353 2544 Romanis,
2381 2487 2436 2529 25

325 2551 592 2617 civitate
659 2550 865 2634 omni,
930 2548 1131 2614 Italia
1194 2553 1430 2614 cuncta
1483 2548 1827 2633 refertum,
1892 2570 2040 2613 cum
2096 2552 2172 2613 tu
2225 2571 2363 2615 non

324 2639 519 2705 modo
586 2638 666 2701 ad
731 2659 881 2702 eum
948 2636 1383 2718 [Ciceronem]
1455 2634 1679 2722 (mitto
1747 2636 1921 2703 enim
1979 2636 2360 2729 domestica,

326 2749 491 2812 quae
552 2726 784 2811 negari
844 2730 1150 2811 possunt3
1210 2725 1376 2790 haec
1439 2747 1908 2810 commemoro,
1973 2747 2138 2809 quae
2203 2729 2361 2791 sunt

325 2812 575 2901 palam)
647 2836 782 2879 non
844 2816 1068 2898 modo,
1138 2815 1436 2898 inquam,
1509 2815 1593 2880 ad
1657 2836 1835 2898 eum,
1907 2814 2014 2879 cui
2075 2814 2362 2899 primam

325 2904 613 2969 comitiis
659 2903 793 2967 tuis
841 2903 1108 2967 dederas
1156 2903 1454 2967 tabulam
1494 2902 2010 2989 praerogativae,
2059 2924 2253 2987 quem
2290 2903 2364 2967 in
2390 2930 2447 2971 ao

326 2995 561 3057 senatu
616 2991 1012 3067 sententiam
1057 2991 1340 3075 rogabas
1390 2991 1690 3075 tertium,
1743 3012 2103 3074 numquam
2150 2990 2364 3083 adspi-

325 3080 509 3163 rasti,
555 3081 669 3146 sed
705 3080 1009 3145 omnibus
1047 3080 1359 3164 consiliis,
1398 3100 1562 3163 quae
1601 3080 1685 3143 ad
1720 3101 1824 3143 me
1864 3080 2366 3163 opprimendum

325 3169 749 3252 parabantur,
791 3189 927 3232 non
961 3166 1325 3231 interfuisti
1361 3168 1595 3252 solum,
1640 3190 1868 3233 verum
1905 3168 2108 3233 etiam
2145 3169 2368 3234 crude·

325 3254 577 3320 lissime
623 3254 985 3341 praefuisti.

460 3342 629 3407 Mihi
675 3364 830 3408 vero
875 3343 1006 3428 ipsi
1052 3365 1273 3407 coram
1321 3365 1562 3429 genero
1614 3366 1780 3429 me0,
1825 3345 2198 3430 propinquo
2246 3348 2364 3411 tuo
2393 3369 2451 3412 ³5

329 3451 495 3513 quae
542 3431 755 3496 dicere
802 3451 1000 3495 ausus
1048 3432 1163 3496 es?
1235 3432 1452 3516 Egere
1500 3432 1948 3498 sordidissime
1992 3432 2369 3517 Gabinium,

250 3554 261 3567 ·
329 3516 468 3580 sine
505 3517 845 3602 provincia
882 3521 1055 3583 stare
1091 3539 1226 3582 non
1260 3542 1475 3604 posse,
1522 3542 1706 3605 spem
1741 3521 1983 3585 habere
2022 3542 2062 3585 3
2099 3522 2370 3587 tribuno
