2550 3875
819 170 972 223 CAP.
1012 174 1221 223 29-32
1260 175 1292 234 g
1333 175 1558 224 73—78.
2077 169 2204 233 401

160 331 493 416 publicae.
584 329 759 395 Nam
806 330 978 414 quod
1026 331 1404 415 quaerebas,
1450 352 1578 415 quo
1627 331 1820 396 modo
1868 331 2211 395 redissem:

163 421 463 503 primum
497 419 641 484 luce
695 440 829 483 non
865 419 1172 502 tenebris,
1210 418 1438 483 deinde
1479 440 1626 484 cum
1665 419 1898 484 calceis
1936 423 2004 483 et
2032 423 2210 504 toga,

162 507 374 572 nullis
438 528 558 571 nec
624 469 893 571 Crallicis
955 529 1075 571 nec
1138 506 1414 572 lacerna.
1518 506 1611 571 At
1667 508 1869 572 etiam
1925 507 2207 590 adspicis

166 617 299 679 me,
344 598 414 659 et
460 595 737 678 quidem,
784 599 859 658 ut
904 595 1161 679 videriS,
1204 595 1432 660 iratus.
1524 593 1626 677 Ne
1669 599 1745 659 tu
1781 596 1914 659 iam
1951 617 2206 660 mecum

106 701 136 742 ο
166 684 243 748 in
292 683 577 768 gratiam
622 683 867 766 redeaS,
905 683 961 746 si
999 683 1184 767 scias,
1222 705 1422 767 quam
1458 705 1562 747 me
1599 684 1840 766 pudeat
1874 683 2205 766 nequitiae

167 777 348 854 tuac,
384 771 567 836 cuius
606 775 671 835 te
710 771 926 854 ipsum
960 793 1094 836 non
1128 771 1347 856 pudet.
1429 771 1534 836 Ex
1572 772 1863 836 omnium
1902 772 2205 836 omnibus

168 859 449 944 flagitiis
521 859 774 923 nullum
846 859 1104 942 turpius
1178 859 1338 943 vidi,
1411 859 1665 923 nullum
1730 858 1964 923 audivi.
2079 858 2205 935 Qui

169 948 495 1032 magister
547 947 843 1032 equitum
894 946 1098 1012 fuisse
1152 947 1278 1012 tibi
1334 947 1650 1029 viderere,
1710 947 1783 1011 in
1835 947 2209 1031 proximum

176 1057 422 1099 annum
487 1035 899 1100 consulatum
968 1039 1221 1119 peteres
1289 1036 1390 1099 vel
1453 1035 1676 1118 potius
1736 1055 2030 1120 rogares,
2092 1056 2209 1118 per

0 1166 1 1171 κ
85 1142 143 1180 10
172 1123 533 1207 municipia
590 1124 1007 1207 coloniasque
1056 1122 1328 1208 Galliae,
1375 1145 1408 1186 e
1467 1144 1596 1207 qua
1647 1144 1768 1187 nos
1826 1127 1995 1206 tum,
2061 1144 2208 1187 cum

173 1212 557 1277 consulatus
614 1213 986 1295 petebatur,
1048 1233 1182 1277 non
1244 1211 1631 1297 rogabatur,
1694 1212 1917 1294 petere
1982 1231 2207 1274 consu-

174 1302 386 1364 latum
439 1299 809 1365 solebamus
819 1351 835 1383 ,
890 1321 1037 1364 cum
1086 1298 1358 1364 Gallicis
1413 1303 1481 1363 et
1536 1299 1797 1363 lacerna
1842 1297 2208 1363 cucurristi.
2229 1340 2310 1404 31

176 1387 273 1453 At
326 1388 539 1452 videte
585 1388 922 1452 levitatem
966 1387 1269 1453 hominis
1363 1385 1528 1452 Cum
1572 1387 1738 1451 hora
1783 1386 1912 1450 diei
1959 1385 2209 1450 decima
2229 1430 2293 1479 7⁷

176 1476 313 1541 fere
368 1476 449 1540 ad
498 1474 668 1541 Saxa
713 1477 913 1540 rubra
957 1478 1270 1561 venisset,
1315 1473 1578 1540 delituit
1620 1475 1692 1538 in
1739 1475 2017 1557 quadam
2064 1495 2206 1538 cau-

91 1578 151 1623 15
176 1563 423 1648 ponula
468 1567 665 1648 atque
707 1564 801 1628 ibi
838 1585 907 1630 se
946 1564 1279 1629 occultans
1318 1563 1690 1648 perpotavit
1728 1562 1808 1626 ad
1844 1583 2210 1646 vesperam3

177 1652 329 1716 inde
385 1651 544 1716 cisio
601 1651 900 1717 celeriter
954 1653 1035 1716 ad
1080 1653 1310 1716 urbem
1365 1651 1672 1716 advectus
1719 1650 1984 1715 domum
2028 1650 2210 1714 venit

178 1740 393 1824 capite
433 1740 762 1806 obvoluto.
845 1739 1121 1804 Ianitor:
1162 1738 1347 1816 ‘Quis
1385 1739 1526 1804 tuP'
1565 1738 1651 1802 ‘A
1687 1737 1909 1804 Marco
1940 1739 2208 1802 tabella-

179 1826 358 1893 rius?
452 1827 815 1894 Confestim
860 1828 941 1892 ad
988 1850 1151 1912 eam,
1198 1827 1379 1892 cuius
1429 1849 1624 1892 causa
1658 1830 1945 1910 venerat,
1991 1826 2208 1906 [dedu-

179 1917 376 1999 citur]
414 1917 603 2002 eique
641 1916 992 2001 epistulam
1028 1916 1316 1981 tradidit.
1383 1915 1593 1993 Quam
1631 1938 1780 1981 cum
1815 1915 1933 1980 illa
1958 1915 2209 2000 legeret

98 2024 153 2063 20
180 2005 343 2071 flens
400 2004 570 2089 (erat
626 2006 799 2069 enim
846 2006 1093 2089 scripta
1138 2005 1482 2088 amatorie3
1529 2008 1726 2088 caput
1772 2006 1992 2068 autem
2038 2002 2210 2067 litte-

181 2116 408 2158 rarum
482 2093 609 2158 sibi
675 2115 822 2157 cum
885 2094 1001 2157 illa
1059 2094 1257 2158 mima
1320 2092 1597 2177 posthac
1659 2091 1824 2155 nihil
1888 2090 2210 2175 futurum3

184 2203 444 2247 omnem
482 2203 551 2246 se
590 2203 879 2246 amorem
916 2181 1227 2247 abiecisse
1265 2181 1434 2245 illim
1471 2185 1668 2265 atque
1703 2180 1774 2245 in
1803 2179 1972 2245 hanc
2000 2183 2206 2244 trans-

184 2269 481 2355 fudisse),
536 2291 684 2334 cum
732 2270 965 2333 mulier
1009 2270 1196 2335 fleret
1240 2270 1536 2352 uberius,
1589 2268 1788 2332 homo
1837 2268 2207 2333 misericors

183 2358 350 2422 ferre
393 2379 529 2422 non
574 2357 809 2441 potuit,
856 2362 1053 2442 caput
1098 2358 1372 2442 aperuit,
1417 2357 1487 2421 in
1532 2357 1773 2422 collum
1809 2356 2065 2421 invasit.
2151 2355 2205 2421 O

104 2462 157 2503 2⁵
184 2445 514 2511 hominem
566 2447 872 2528 nequam!
974 2446 1143 2521 Quid
1199 2446 1373 2511 enim
1427 2445 1602 2510 aliud
1649 2444 1904 2510 dicam?
1995 2444 2208 2530 magis

184 2532 445 2618 proprie
489 2533 655 2597 nihil
702 2555 970 2617 possum
1016 2534 1244 2599 dicere.
1325 2533 1525 2618 ErgO,
1570 2536 1648 2597 ut
1684 2536 1750 2597 te
1790 2532 2211 2616 Catamitum,

184 2643 301 2687 nec
347 2621 615 2705 opinato
664 2644 812 2687 cum
857 2626 924 2686 te
971 2622 1393 2699 ostendisses,
1437 2625 1701 2705 praeter
1746 2642 1928 2704 spem
1976 2621 2210 2685 mulier

188 2709 572 2793 adspiceret,
637 2709 877 2774 idcirco
941 2710 1171 2773 urbem
1226 2713 1475 2774 terrore
1529 2713 1878 2792 nocturno,
1941 2707 2210 2772 Italiam

188 2798 541 2862 multorum
589 2798 837 2861 dierum
884 2801 1063 2861 metu
1108 2796 1554 2881 perturbasti?
1600 2796 1691 2860 Et
1728 2796 1906 2861 domi
1946 2796 2205 2878 quidem
2230 2807 2298 2856 78

113 2903 163 2942 ³⁰
190 2907 450 2951 causam
496 2885 736 2950 amoris
782 2884 1092 2969 habuisti,
1138 2886 1298 2950 foris
1346 2886 1546 2949 etiam
1593 2883 1972 2967 turpiorem,
2016 2905 2098 2948 ne
2134 2881 2208 2948 L.

189 2973 463 3039 Plancus
517 2974 788 3057 praedes
843 2978 993 3037 tuos
1048 2974 1371 3038 venderet.
1461 2972 1827 3037 Productus
1875 2974 2095 3035 autem
2140 2970 2208 3035 in

190 3062 557 3127 contionem
603 3084 642 3125 a
688 3062 953 3125 tribuno
1000 3061 1087 3145 pl.
1136 3084 1283 3127 cum
1329 3060 1774 3145 respondisses
1822 3062 1888 3123 te
1925 3058 2020 3123 rei
2057 3062 2207 3124 tuae

190 3171 383 3215 causa
417 3149 687 3230 venisse,
732 3150 1047 3233 populum
1086 3151 1284 3214 etiam
1322 3149 1606 3214 dicacem
1642 3147 1712 3211 in
1748 3151 1815 3212 te
1852 3147 2208 3212 reddidisti.

192 3236 315 3303 Sed
360 3238 556 3302 nimis
601 3237 809 3301 multa
857 3237 933 3301 de
978 3238 1199 3323 nugis3
1246 3238 1326 3301 ad
1372 3236 1622 3301 maiora
1667 3235 2020 3300 veniamus

117 3343 165 3383 ⁸5
319 3324 389 3391 C.
438 3324 699 3391 Caesari
753 3347 832 3389 ex
878 3324 1198 3409 Hispania
1252 3325 1549 3389 redeunti
1606 3323 1688 3388 ob
1745 3324 1919 3389 viam
1965 3323 2206 3409 longis·
2227 3324 2314 3388 32

192 3414 349 3477 sime
386 3413 781 3497 processisti.
864 3411 1177 3479 Celeriter
1214 3414 1345 3497 isti,
1381 3411 1627 3492 redisti,
1672 3416 1748 3476 ut
1786 3416 2210 3497 cognosceret

192 3507 256 3565 te
311 3502 366 3565 si
421 3502 633 3566 minus
689 3500 953 3585 fortem,
1010 3506 1080 3565 at
1131 3507 1352 3566 tamen
1400 3505 1756 3565 strenuum.
1850 3500 2092 3565 Factus
2139 3521 2208 3564 es

295 3612 401 3655 010.
432 3615 496 3653 11.
526 3616 563 3655 3.
1815 3609 1886 3657 2ss
