<?xml version="1.0" encoding="UTF-8"?>
<!DOCTYPE html PUBLIC "-//W3C//DTD XHTML 1.0 Transitional//EN"
    "http://www.w3.org/TR/xhtml1/DTD/xhtml1-transitional.dtd">
<html xmlns="http://www.w3.org/1999/xhtml" xml:lang="en" lang="en">
 <head>
  <title>
</title>
<meta http-equiv="Content-Type" content="text/html;charset=utf-8" />
  <meta name='ocr-system' content='tesseract 3.04.00' />
  <meta name='ocr-capabilities' content='ocr_page ocr_carea ocr_par ocr_line ocrx_word'/>
</head>
<body>
  <div class='ocr_page' id='page_1' title='image "./scriptaquaemans00mlgoog_0417.png"; bbox 0 0 2550 3875; ppageno 0'>
   <div class='ocr_carea' id='block_1_1' title="bbox 909 141 2179 206">
    <p class='ocr_par' dir='ltr' id='par_1_1' title="bbox 909 141 2179 206">
     <span class='ocr_line' id='line_1_1' title="bbox 909 141 2179 206; baseline 0.009 -11"><span class='ocrx_word' id='word_1_1' title='bbox 909 141 1435 199; x_wconf 71' lang='lat' dir='ltr'><strong>ARGUMENTUM.</strong></span> <span class='ocrx_word' id='word_1_2' title='bbox 2054 143 2179 206; x_wconf 83' lang='grc'><strong>281</strong></span> 
     </span>
    </p>
   </div>
   <div class='ocr_carea' id='block_1_2' title="bbox 142 296 2191 3474">
    <p class='ocr_par' dir='ltr' id='par_1_2' title="bbox 147 296 2189 793">
     <span class='ocr_line' id='line_1_2' title="bbox 147 296 2189 367; baseline 0.002 -17"><span class='ocrx_word' id='word_1_3' title='bbox 147 298 215 350; x_wconf 90' lang='lat' dir='ltr'><strong>in</strong></span> <span class='ocrx_word' id='word_1_4' title='bbox 272 296 548 367; x_wconf 88' lang='lat' dir='ltr'><strong>petitione</strong></span> <span class='ocrx_word' id='word_1_5' title='bbox 595 299 919 354; x_wconf 89' lang='lat' dir='ltr'><strong>consulatus</strong></span> <span class='ocrx_word' id='word_1_6' title='bbox 965 299 1166 354; x_wconf 87' lang='lat' dir='ltr'>Miloni</span> <span class='ocrx_word' id='word_1_7' title='bbox 1211 302 1271 354; x_wconf 91' lang='lat' dir='ltr'><strong>et</strong></span> <span class='ocrx_word' id='word_1_8' title='bbox 1314 317 1411 355; x_wconf 88' lang='lat' dir='ltr'><strong>reo</strong></span> <span class='ocrx_word' id='word_1_9' title='bbox 1458 300 1747 367; x_wconf 79' lang='lat' dir='ltr'><strong>adfuerat3</strong></span> <span class='ocrx_word' id='word_1_10' title='bbox 1795 298 2189 355; x_wconf 75' lang='lat' dir='ltr'><strong>nominaverat</strong></span> 
     </span>
     <span class='ocr_line' id='line_1_3' title="bbox 149 369 2188 438; baseline 0.001 -17"><span class='ocrx_word' id='word_1_11' title='bbox 149 383 382 436; x_wconf 89' lang='lat' dir='ltr'><strong>quoque</strong></span> <span class='ocrx_word' id='word_1_12' title='bbox 430 385 558 423; x_wconf 90' lang='lat' dir='ltr'><strong>eum</strong></span> <span class='ocrx_word' id='word_1_13' title='bbox 595 369 786 425; x_wconf 86' lang='lat' dir='ltr'><strong>Cicero</strong></span> <span class='ocrx_word' id='word_1_14' title='bbox 830 373 1187 438; x_wconf 75' lang='lat' dir='ltr'>praesentem</span> <span class='ocrx_word' id='word_1_15' title='bbox 1233 372 1293 425; x_wconf 89' lang='lat' dir='ltr'><strong>et</strong></span> <span class='ocrx_word' id='word_1_16' title='bbox 1336 372 1579 425; x_wconf 87' lang='lat' dir='ltr'><strong>testatus</strong></span> <span class='ocrx_word' id='word_1_17' title='bbox 1628 373 1754 426; x_wconf 88' lang='lat' dir='ltr'><strong>erat</strong></span> <span class='ocrx_word' id='word_1_18' title='bbox 1797 370 2021 425; x_wconf 80' lang='lat' dir='ltr'><strong>audisse</strong></span> <span class='ocrx_word' id='word_1_19' title='bbox 2059 386 2188 424; x_wconf 91' lang='lat' dir='ltr'><strong>eum</strong></span> 
     </span>
     <span class='ocr_line' id='line_1_4' title="bbox 153 437 2187 510; baseline 0.001 -19"><span class='ocrx_word' id='word_1_20' title='bbox 153 455 194 491; x_wconf 84' lang='lat' dir='ltr'><strong>a</strong></span> <span class='ocrx_word' id='word_1_21' title='bbox 236 438 312 492; x_wconf 89' lang='grc' dir='ltr'><strong>Μ.</strong></span> <span class='ocrx_word' id='word_1_22' title='bbox 360 437 610 494; x_wconf 86' lang='lat' dir='ltr'><strong>Favonio</strong></span> <span class='ocrx_word' id='word_1_23' title='bbox 666 441 800 494; x_wconf 85' lang='lat' dir='ltr'><strong>ante</strong></span> <span class='ocrx_word' id='word_1_24' title='bbox 857 439 1008 494; x_wconf 89' lang='lat' dir='ltr'><strong>diem</strong></span> <span class='ocrx_word' id='word_1_25' title='bbox 1060 439 1323 510; x_wconf 87' lang='lat' dir='ltr'><strong>tertium,</strong></span> <span class='ocrx_word' id='word_1_26' title='bbox 1378 458 1547 509; x_wconf 91' lang='lat' dir='ltr'><strong>quam</strong></span> <span class='ocrx_word' id='word_1_27' title='bbox 1603 443 1803 496; x_wconf 87' lang='lat' dir='ltr'><strong>caedes</strong></span> <span class='ocrx_word' id='word_1_28' title='bbox 1848 441 2004 496; x_wconf 86' lang='lat' dir='ltr'><strong>facta</strong></span> <span class='ocrx_word' id='word_1_29' title='bbox 2049 443 2187 510; x_wconf 89' lang='lat' dir='ltr'><strong>erat,</strong></span> 
     </span>
     <span class='ocr_line' id='line_1_5' title="bbox 153 507 2188 580; baseline 0.001 -18"><span class='ocrx_word' id='word_1_30' title='bbox 153 507 420 563; x_wconf 86' lang='lat' dir='ltr'><strong>Clodium</strong></span> <span class='ocrx_word' id='word_1_31' title='bbox 483 509 691 564; x_wconf 83' lang='lat' dir='ltr'><strong>dixisse</strong></span> <span class='ocrx_word' id='word_1_32' title='bbox 753 511 1062 580; x_wconf 87' lang='lat' dir='ltr'><strong>periturum</strong></span> <span class='ocrx_word' id='word_1_33' title='bbox 1129 527 1252 566; x_wconf 88' lang='lat' dir='ltr'><strong>esse</strong></span> <span class='ocrx_word' id='word_1_34' title='bbox 1313 527 1381 566; x_wconf 89' lang='grc' dir='ltr'><strong>6ο</strong></span> <span class='ocrx_word' id='word_1_35' title='bbox 1446 511 1635 566; x_wconf 90' lang='lat' dir='ltr'><strong>triduo</strong></span> <span class='ocrx_word' id='word_1_36' title='bbox 1698 512 1982 566; x_wconf 89' lang='lat' dir='ltr'><strong>Milonem.</strong></span> <span class='ocrx_word' id='word_1_37' title='bbox 2077 511 2188 566; x_wconf 88' lang='lat' dir='ltr'><strong>Sed</strong></span> 
     </span>
     <span class='ocr_line' id='line_1_6' title="bbox 153 577 2187 652; baseline 0.002 -20"><span class='ocrx_word' id='word_1_38' title='bbox 153 577 389 633; x_wconf 76' lang='lat' dir='ltr'>Milonis</span> <span class='ocrx_word' id='word_1_39' title='bbox 435 597 655 650; x_wconf 83' lang='lat' dir='ltr'><strong>quoque</strong></span> <span class='ocrx_word' id='word_1_40' title='bbox 700 583 896 634; x_wconf 89' lang='lat' dir='ltr'><strong>notam</strong></span> <span class='ocrx_word' id='word_1_41' title='bbox 941 580 1238 636; x_wconf 77' lang='lat' dir='ltr'><strong>audaciam</strong></span> <span class='ocrx_word' id='word_1_42' title='bbox 1282 583 1555 637; x_wconf 90' lang='lat' dir='ltr'><strong>removeri</strong></span> <span class='ocrx_word' id='word_1_43' title='bbox 1604 599 1639 636; x_wconf 88' lang='lat' dir='ltr'><strong>a</strong></span> <span class='ocrx_word' id='word_1_44' title='bbox 1681 598 1743 636; x_wconf 90' lang='lat' dir='ltr'><strong>re</strong></span> <span class='ocrx_word' id='word_1_45' title='bbox 1778 581 2011 652; x_wconf 89' lang='lat' dir='ltr'><strong>publica</strong></span> <span class='ocrx_word' id='word_1_46' title='bbox 2046 580 2187 636; x_wconf 90' lang='lat' dir='ltr'><strong>utile</strong></span> 
     </span>
     <span class='ocr_line' id='line_1_7' title="bbox 151 648 2187 722; baseline 0.002 -20"><span class='ocrx_word' id='word_1_47' title='bbox 151 648 345 703; x_wconf 85' lang='lat' dir='ltr'><strong>visum</strong></span> <span class='ocrx_word' id='word_1_48' title='bbox 382 653 483 705; x_wconf 88' lang='lat' dir='ltr'><strong>est.</strong></span> <span class='ocrx_word' id='word_1_49' title='bbox 558 651 711 706; x_wconf 85' lang='lat' dir='ltr'><strong>Scire</strong></span> <span class='ocrx_word' id='word_1_50' title='bbox 747 653 940 706; x_wconf 86' lang='lat' dir='ltr'><strong>tamen</strong></span> <span class='ocrx_word' id='word_1_51' title='bbox 975 668 1141 707; x_wconf 87' lang='lat' dir='ltr'><strong>nemo</strong></span> <span class='ocrx_word' id='word_1_52' title='bbox 1177 669 1445 720; x_wconf 85' lang='lat' dir='ltr'><strong>umquam</strong></span> <span class='ocrx_word' id='word_1_53' title='bbox 1478 652 1695 722; x_wconf 89' lang='lat' dir='ltr'><strong>potuit,</strong></span> <span class='ocrx_word' id='word_1_54' title='bbox 1742 655 1929 706; x_wconf 87' lang='lat' dir='ltr'><strong>utram</strong></span> <span class='ocrx_word' id='word_1_55' title='bbox 1966 653 2187 706; x_wconf 87' lang='lat' dir='ltr'><strong>senten-</strong></span> 
     </span>
     <span class='ocr_line' id='line_1_8' title="bbox 153 719 2188 793; baseline 0.001 -20"><span class='ocrx_word' id='word_1_56' title='bbox 153 719 302 774; x_wconf 84' lang='lat' dir='ltr'><strong>tiam</strong></span> <span class='ocrx_word' id='word_1_57' title='bbox 348 723 573 779; x_wconf 72' lang='lat' dir='ltr'><strong>mlisset.</strong></span> <span class='ocrx_word' id='word_1_58' title='bbox 656 723 1002 776; x_wconf 87' lang='lat' dir='ltr'><strong>Damnatum</strong></span> <span class='ocrx_word' id='word_1_59' title='bbox 1047 725 1238 776; x_wconf 86' lang='lat' dir='ltr'><strong>autem</strong></span> <span class='ocrx_word' id='word_1_60' title='bbox 1285 739 1458 793; x_wconf 89' lang='lat' dir='ltr'><strong>opera</strong></span> <span class='ocrx_word' id='word_1_61' title='bbox 1502 723 1742 777; x_wconf 84' lang='lat' dir='ltr'><strong>maxime</strong></span> <span class='ocrx_word' id='word_1_62' title='bbox 1787 722 1941 793; x_wconf 86' lang='lat' dir='ltr'><strong>Appi</strong></span> <span class='ocrx_word' id='word_1_63' title='bbox 1986 722 2188 778; x_wconf 82' lang='lat' dir='ltr'><strong>Claudi</strong></span> 
     </span>
    </p>

    <p class='ocr_par' dir='ltr' id='par_1_3' title="bbox 151 791 2191 1638">
     <span class='ocr_line' id='line_1_9' title="bbox 197 791 2187 863; baseline 0.002 -19"><span class='ocrx_word' id='word_1_64' title='bbox 197 791 586 846; x_wconf 86' lang='lat' dir='ltr'><strong>ronuntiatum</strong></span> <span class='ocrx_word' id='word_1_65' title='bbox 623 794 724 849; x_wconf 89' lang='lat' dir='ltr'><strong>est.</strong></span> <span class='ocrx_word' id='word_1_66' title='bbox 798 792 937 847; x_wconf 92' lang='lat' dir='ltr'><strong>Milo</strong></span> <span class='ocrx_word' id='word_1_67' title='bbox 973 795 1202 862; x_wconf 86' lang='lat' dir='ltr'><strong>postero</strong></span> <span class='ocrx_word' id='word_1_68' title='bbox 1243 793 1336 848; x_wconf 90' lang='lat' dir='ltr'><strong>die</strong></span> <span class='ocrx_word' id='word_1_69' title='bbox 1372 809 1515 849; x_wconf 76' lang='lat' dir='ltr'><strong>nova</strong></span> <span class='ocrx_word' id='word_1_70' title='bbox 1552 795 1661 863; x_wconf 74' lang='lat' dir='ltr'><strong>leye</strong></span> <span class='ocrx_word' id='word_1_71' title='bbox 1696 794 1879 847; x_wconf 87' lang='lat' dir='ltr'><strong>factus</strong></span> <span class='ocrx_word' id='word_1_72' title='bbox 1915 809 2043 848; x_wconf 89' lang='lat' dir='ltr'><strong>reus</strong></span> <span class='ocrx_word' id='word_1_73' title='bbox 2071 810 2187 847; x_wconf 87' lang='lat' dir='ltr'><strong>am·</strong></span> 
     </span>
     <span class='ocr_line' id='line_1_10' title="bbox 151 809 2191 946; baseline 0.002 -32"><span class='ocrx_word' id='word_1_74' title='bbox 151 809 314 915; x_wconf 52' lang='lat' dir='ltr'><strong>{itus</strong></span> <span class='ocrx_word' id='word_1_75' title='bbox 370 863 522 932; x_wconf 90' lang='lat' dir='ltr'><strong>apud</strong></span> <span class='ocrx_word' id='word_1_76' title='bbox 567 862 840 918; x_wconf 86' lang='lat' dir='ltr'><strong>Manlium</strong></span> <span class='ocrx_word' id='word_1_77' title='bbox 885 863 1232 946; x_wconf 71' lang='lat' dir='ltr'><strong>Torquatum</strong></span> <span class='ocrx_word' id='word_1_78' title='bbox 1287 863 1489 918; x_wconf 80' lang='lat' dir='ltr'><strong>absens</strong></span> <span class='ocrx_word' id='word_1_79' title='bbox 1545 864 1845 918; x_wconf 84' lang='lat' dir='ltr'><strong>damnatus</strong></span> <span class='ocrx_word' id='word_1_80' title='bbox 1892 865 1995 918; x_wconf 88' lang='lat' dir='ltr'><strong>est.</strong></span> <span class='ocrx_word' id='word_1_81' title='bbox 2078 863 2191 918; x_wconf 82' lang='lat' dir='ltr'><strong>Ilia</strong></span> 
     </span>
     <span class='ocr_line' id='line_1_11' title="bbox 152 933 2188 1004; baseline 0.001 -18"><span class='ocrx_word' id='word_1_82' title='bbox 152 948 384 1000; x_wconf 89' lang='lat' dir='ltr'><strong>quoque</strong></span> <span class='ocrx_word' id='word_1_83' title='bbox 429 933 558 1003; x_wconf 81' lang='lat' dir='ltr'><strong>lege</strong></span> <span class='ocrx_word' id='word_1_84' title='bbox 603 935 898 989; x_wconf 86' lang='lat' dir='ltr'><strong>accusator</strong></span> <span class='ocrx_word' id='word_1_85' title='bbox 943 933 1055 988; x_wconf 81' lang='lat' dir='ltr'><strong>fuit</strong></span> <span class='ocrx_word' id='word_1_86' title='bbox 1099 934 1220 988; x_wconf 90' lang='lat' dir='ltr'><strong>eius</strong></span> <span class='ocrx_word' id='word_1_87' title='bbox 1257 933 1475 1004; x_wconf 88' lang='lat' dir='ltr'><strong>Appius</strong></span> <span class='ocrx_word' id='word_1_88' title='bbox 1515 933 1783 989; x_wconf 85' lang='lat' dir='ltr'><strong>Claudius</strong></span> <span class='ocrx_word' id='word_1_89' title='bbox 1830 936 1912 1002; x_wconf 90' lang='lat' dir='ltr'><strong>et,</strong></span> <span class='ocrx_word' id='word_1_90' title='bbox 1959 950 2086 989; x_wconf 89' lang='lat' dir='ltr'><strong>cum</strong></span> <span class='ocrx_word' id='word_1_91' title='bbox 2133 933 2188 989; x_wconf 88' lang='lat' dir='ltr'><strong>ei</strong></span> 
     </span>
     <span class='ocr_line' id='line_1_12' title="bbox 151 1001 2190 1075; baseline 0 -17"><span class='ocrx_word' id='word_1_92' title='bbox 151 1001 470 1072; x_wconf 85' lang='lat' dir='ltr'><strong>praemium</strong></span> <span class='ocrx_word' id='word_1_93' title='bbox 507 1003 635 1075; x_wconf 81' lang='lat' dir='ltr'><strong>lege</strong></span> <span class='ocrx_word' id='word_1_94' title='bbox 673 1005 927 1073; x_wconf 87' lang='lat' dir='ltr'><strong>daretur,</strong></span> <span class='ocrx_word' id='word_1_95' title='bbox 972 1004 1207 1074; x_wconf 86' lang='lat' dir='ltr'><strong>negavit</strong></span> <span class='ocrx_word' id='word_1_96' title='bbox 1241 1021 1301 1060; x_wconf 91' lang='lat' dir='ltr'><strong>se</strong></span> <span class='ocrx_word' id='word_1_97' title='bbox 1340 1021 1405 1060; x_wconf 89' lang='lat' dir='ltr'><strong>eo</strong></span> <span class='ocrx_word' id='word_1_98' title='bbox 1442 1005 1545 1061; x_wconf 90' lang='lat' dir='ltr'><strong>uti.</strong></span> <span class='ocrx_word' id='word_1_99' title='bbox 1637 1004 2101 1074; x_wconf 73' lang='lat' dir='ltr'><strong>subscripserunt</strong></span> <span class='ocrx_word' id='word_1_100' title='bbox 2136 1005 2190 1059; x_wconf 90' lang='lat' dir='ltr'><strong>ei</strong></span> 
     </span>
     <span class='ocr_line' id='line_1_13' title="bbox 151 1074 2187 1131; baseline 0 -3"><span class='ocrx_word' id='word_1_101' title='bbox 151 1076 221 1128; x_wconf 74' lang='lat' dir='ltr'><strong>in</strong></span> <span class='ocrx_word' id='word_1_102' title='bbox 277 1074 522 1128; x_wconf 76' lang='lat' dir='ltr'><strong>ambitus</strong></span> <span class='ocrx_word' id='word_1_103' title='bbox 578 1074 786 1130; x_wconf 89' lang='lat' dir='ltr'><strong>iudicio</strong></span> <span class='ocrx_word' id='word_1_104' title='bbox 833 1074 895 1129; x_wconf 92' lang='lat' dir='ltr'><strong>P.</strong></span> <span class='ocrx_word' id='word_1_105' title='bbox 941 1075 1201 1131; x_wconf 88' lang='lat' dir='ltr'><strong>Valerius</strong></span> <span class='ocrx_word' id='word_1_106' title='bbox 1248 1077 1363 1130; x_wconf 91' lang='lat' dir='ltr'><strong>Leo</strong></span> <span class='ocrx_word' id='word_1_107' title='bbox 1420 1078 1480 1130; x_wconf 87' lang='lat' dir='ltr'><strong>et</strong></span> <span class='ocrx_word' id='word_1_108' title='bbox 1525 1075 1619 1130; x_wconf 87' lang='lat' dir='ltr'><strong>Cn.</strong></span> <span class='ocrx_word' id='word_1_109' title='bbox 1669 1075 1953 1130; x_wconf 85' lang='lat' dir='ltr'><strong>Domitius</strong></span> <span class='ocrx_word' id='word_1_110' title='bbox 2002 1075 2098 1130; x_wconf 90' lang='lat' dir='ltr'><strong>Cn.</strong></span> <span class='ocrx_word' id='word_1_111' title='bbox 2148 1074 2187 1129; x_wconf 89' lang='lat' dir='ltr'><strong>f.</strong></span> 
     </span>
     <span class='ocr_line' id='line_1_14' title="bbox 151 1145 2191 1215; baseline 0 -18"><span class='ocrx_word' id='word_1_112' title='bbox 151 1145 294 1198; x_wconf 85' lang='lat' dir='ltr'><strong>Post</strong></span> <span class='ocrx_word' id='word_1_113' title='bbox 326 1160 536 1212; x_wconf 90' lang='lat' dir='ltr'><strong>paucos</strong></span> <span class='ocrx_word' id='word_1_114' title='bbox 584 1145 703 1200; x_wconf 89' lang='lat' dir='ltr'><strong>dies</strong></span> <span class='ocrx_word' id='word_1_115' title='bbox 751 1162 970 1215; x_wconf 90' lang='lat' dir='ltr'><strong>quoque</strong></span> <span class='ocrx_word' id='word_1_116' title='bbox 1006 1146 1144 1200; x_wconf 90' lang='lat' dir='ltr'><strong>Milo</strong></span> <span class='ocrx_word' id='word_1_117' title='bbox 1183 1145 1336 1215; x_wconf 88' lang='lat' dir='ltr'><strong>apud</strong></span> <span class='ocrx_word' id='word_1_118' title='bbox 1360 1145 1436 1202; x_wconf 91' lang='lat' dir='ltr'><strong>M.</strong></span> <span class='ocrx_word' id='word_1_119' title='bbox 1464 1147 1775 1200; x_wconf 85' lang='lat' dir='ltr'><strong>Favonium</strong></span> <span class='ocrx_word' id='word_1_120' title='bbox 1812 1145 2191 1214; x_wconf 85' lang='lat' dir='ltr'><strong>quaesitorem</strong></span> 
     </span>
     <span class='ocr_line' id='line_1_15' title="bbox 153 1215 2189 1283; baseline 0.001 -15"><span class='ocrx_word' id='word_1_121' title='bbox 153 1215 230 1269; x_wconf 90' lang='lat' dir='ltr'><strong>de</strong></span> <span class='ocrx_word' id='word_1_122' title='bbox 280 1215 564 1270; x_wconf 82' lang='lat' dir='ltr'><strong>sodaliciis</strong></span> <span class='ocrx_word' id='word_1_123' title='bbox 602 1216 901 1270; x_wconf 86' lang='lat' dir='ltr'><strong>damnatus</strong></span> <span class='ocrx_word' id='word_1_124' title='bbox 949 1217 1038 1270; x_wconf 89' lang='lat' dir='ltr'><strong>est</strong></span> <span class='ocrx_word' id='word_1_125' title='bbox 1074 1218 1375 1270; x_wconf 81' lang='lat' dir='ltr'><strong>accusante</strong></span> <span class='ocrx_word' id='word_1_126' title='bbox 1410 1216 1471 1272; x_wconf 90' lang='lat' dir='ltr'><strong>P.</strong></span> <span class='ocrx_word' id='word_1_127' title='bbox 1510 1216 1707 1271; x_wconf 84' lang='lat' dir='ltr'><strong>Fulvio</strong></span> <span class='ocrx_word' id='word_1_128' title='bbox 1742 1215 1984 1283; x_wconf 85' lang='lat' dir='ltr'><strong>Nerato,</strong></span> <span class='ocrx_word' id='word_1_129' title='bbox 2030 1215 2121 1269; x_wconf 91' lang='lat' dir='ltr'><strong>cui</strong></span> <span class='ocrx_word' id='word_1_130' title='bbox 2159 1234 2189 1271; x_wconf 90' lang='lat' dir='ltr'><strong>e</strong></span> 
     </span>
     <span class='ocr_line' id='line_1_16' title="bbox 153 1285 2190 1356; baseline 0.001 -18"><span class='ocrx_word' id='word_1_131' title='bbox 153 1286 286 1354; x_wconf 86' lang='lat' dir='ltr'><strong>lege</strong></span> <span class='ocrx_word' id='word_1_132' title='bbox 330 1285 643 1353; x_wconf 88' lang='lat' dir='ltr'><strong>praemium</strong></span> <span class='ocrx_word' id='word_1_133' title='bbox 681 1287 877 1340; x_wconf 90' lang='lat' dir='ltr'><strong>datum</strong></span> <span class='ocrx_word' id='word_1_134' title='bbox 915 1289 1018 1343; x_wconf 90' lang='lat' dir='ltr'><strong>est.</strong></span> <span class='ocrx_word' id='word_1_135' title='bbox 1091 1286 1311 1342; x_wconf 87' lang='lat' dir='ltr'><strong>Deinde</strong></span> <span class='ocrx_word' id='word_1_136' title='bbox 1346 1287 1499 1356; x_wconf 86' lang='lat' dir='ltr'><strong>apud</strong></span> <span class='ocrx_word' id='word_1_137' title='bbox 1534 1287 1593 1340; x_wconf 92' lang='lat' dir='ltr'><strong>L.</strong></span> <span class='ocrx_word' id='word_1_138' title='bbox 1632 1287 1869 1341; x_wconf 83' lang='lat' dir='ltr'><strong>Fabium</strong></span> <span class='ocrx_word' id='word_1_139' title='bbox 1906 1287 2190 1354; x_wconf 88' lang='lat' dir='ltr'><strong>quaesito-</strong></span> 
     </span>
     <span class='ocr_line' id='line_1_17' title="bbox 153 1355 2189 1413; baseline 0 -3"><span class='ocrx_word' id='word_1_140' title='bbox 153 1372 277 1410; x_wconf 89' lang='lat' dir='ltr'><strong>rem</strong></span> <span class='ocrx_word' id='word_1_141' title='bbox 321 1355 529 1410; x_wconf 89' lang='lat' dir='ltr'><strong>iterum</strong></span> <span class='ocrx_word' id='word_1_142' title='bbox 575 1357 778 1412; x_wconf 89' lang='lat' dir='ltr'><strong>absens</strong></span> <span class='ocrx_word' id='word_1_143' title='bbox 825 1358 1122 1412; x_wconf 87' lang='lat' dir='ltr'><strong>damnatus</strong></span> <span class='ocrx_word' id='word_1_144' title='bbox 1172 1359 1260 1412; x_wconf 89' lang='lat' dir='ltr'><strong>est</strong></span> <span class='ocrx_word' id='word_1_145' title='bbox 1306 1358 1375 1412; x_wconf 86' lang='lat' dir='ltr'><strong>de</strong></span> <span class='ocrx_word' id='word_1_146' title='bbox 1412 1357 1486 1413; x_wconf 90' lang='lat' dir='ltr'><strong>vi.</strong></span> <span class='ocrx_word' id='word_1_147' title='bbox 1559 1357 1867 1411; x_wconf 82' lang='lat' dir='ltr'><strong>Accusavit</strong></span> <span class='ocrx_word' id='word_1_148' title='bbox 1899 1355 1960 1412; x_wconf 89' lang='lat' dir='ltr'><strong>L.</strong></span> <span class='ocrx_word' id='word_1_149' title='bbox 2001 1356 2189 1412; x_wconf 88' lang='lat' dir='ltr'><strong>Corni-</strong></span> 
     </span>
     <span class='ocr_line' id='line_1_18' title="bbox 157 1426 2189 1496; baseline 0 -17"><span class='ocrx_word' id='word_1_150' title='bbox 157 1426 320 1482; x_wconf 88' lang='lat' dir='ltr'><strong>ficius</strong></span> <span class='ocrx_word' id='word_1_151' title='bbox 371 1429 430 1481; x_wconf 91' lang='lat' dir='ltr'><strong>et</strong></span> <span class='ocrx_word' id='word_1_152' title='bbox 467 1427 530 1493; x_wconf 83' lang='lat' dir='ltr'><strong>Q.</strong></span> <span class='ocrx_word' id='word_1_153' title='bbox 569 1427 876 1483; x_wconf 87' lang='lat' dir='ltr'><strong>Patulcius.</strong></span> <span class='ocrx_word' id='word_1_154' title='bbox 949 1427 1086 1483; x_wconf 88' lang='lat' dir='ltr'><strong>Milo</strong></span> <span class='ocrx_word' id='word_1_155' title='bbox 1134 1427 1196 1481; x_wconf 87' lang='lat' dir='ltr'><strong>in</strong></span> <span class='ocrx_word' id='word_1_156' title='bbox 1242 1428 1473 1483; x_wconf 81' lang='lat' dir='ltr'><strong>exilium</strong></span> <span class='ocrx_word' id='word_1_157' title='bbox 1507 1427 1821 1484; x_wconf 89' lang='lat' dir='ltr'><strong>Massiliam</strong></span> <span class='ocrx_word' id='word_1_158' title='bbox 1866 1427 2019 1481; x_wconf 90' lang='lat' dir='ltr'><strong>intra</strong></span> <span class='ocrx_word' id='word_1_159' title='bbox 2053 1443 2189 1496; x_wconf 89' lang='lat' dir='ltr'><strong>pau·</strong></span> 
     </span>
     <span class='ocr_line' id='line_1_19' title="bbox 155 1497 2189 1568; baseline 0 -17"><span class='ocrx_word' id='word_1_160' title='bbox 155 1497 416 1553; x_wconf 88' lang='lat' dir='ltr'><strong>cissimos</strong></span> <span class='ocrx_word' id='word_1_161' title='bbox 474 1497 596 1552; x_wconf 90' lang='lat' dir='ltr'><strong>dies</strong></span> <span class='ocrx_word' id='word_1_162' title='bbox 649 1498 937 1568; x_wconf 88' lang='lat' dir='ltr'><strong>profectus</strong></span> <span class='ocrx_word' id='word_1_163' title='bbox 985 1501 1087 1553; x_wconf 90' lang='lat' dir='ltr'><strong>est.</strong></span> <span class='ocrx_word' id='word_1_164' title='bbox 1171 1501 1331 1553; x_wconf 91' lang='lat' dir='ltr'><strong>Bona</strong></span> <span class='ocrx_word' id='word_1_165' title='bbox 1376 1499 1496 1552; x_wconf 92' lang='lat' dir='ltr'><strong>eius</strong></span> <span class='ocrx_word' id='word_1_166' title='bbox 1542 1500 1775 1568; x_wconf 89' lang='lat' dir='ltr'><strong>propter</strong></span> <span class='ocrx_word' id='word_1_167' title='bbox 1820 1498 1996 1553; x_wconf 90' lang='lat' dir='ltr'><strong>alieni</strong></span> <span class='ocrx_word' id='word_1_168' title='bbox 2042 1497 2189 1552; x_wconf 87' lang='lat' dir='ltr'><strong>aeris</strong></span> 
     </span>
     <span class='ocr_line' id='line_1_20' title="bbox 151 1568 1274 1638; baseline 0.001 -16"><span class='ocrx_word' id='word_1_169' title='bbox 151 1568 604 1638; x_wconf 80' lang='lat' dir='ltr'><strong>magnitudinem</strong></span> <span class='ocrx_word' id='word_1_170' title='bbox 641 1570 928 1624; x_wconf 89' lang='lat' dir='ltr'><strong>semuncia</strong></span> <span class='ocrx_word' id='word_1_171' title='bbox 962 1568 1274 1625; x_wconf 87' lang='lat' dir='ltr'><strong>venierunt.</strong></span> 
     </span>
    </p>

    <p class='ocr_par' dir='ltr' id='par_1_4' title="bbox 151 1638 2191 2769">
     <span class='ocr_line' id='line_1_21' title="bbox 301 1638 2189 1708; baseline 0 -16"><span class='ocrx_word' id='word_1_172' title='bbox 301 1638 440 1692; x_wconf 90' lang='lat' dir='ltr'><strong>Post</strong></span> <span class='ocrx_word' id='word_1_173' title='bbox 472 1638 741 1694; x_wconf 86' lang='lat' dir='ltr'><strong>Milonem</strong></span> <span class='ocrx_word' id='word_1_174' title='bbox 788 1640 987 1694; x_wconf 91' lang='lat' dir='ltr'><strong>eadem</strong></span> <span class='ocrx_word' id='word_1_175' title='bbox 1029 1640 1158 1708; x_wconf 89' lang='lat' dir='ltr'><strong>lege</strong></span> <span class='ocrx_word' id='word_1_176' title='bbox 1193 1638 1464 1708; x_wconf 90' lang='lat' dir='ltr'><strong>Pompeia</strong></span> <span class='ocrx_word' id='word_1_177' title='bbox 1505 1638 1719 1708; x_wconf 88' lang='lat' dir='ltr'><strong>primus</strong></span> <span class='ocrx_word' id='word_1_178' title='bbox 1768 1640 1856 1694; x_wconf 88' lang='lat' dir='ltr'><strong>est</strong></span> <span class='ocrx_word' id='word_1_179' title='bbox 1892 1640 2189 1693; x_wconf 86' lang='lat' dir='ltr'><strong>accusatus</strong></span> 
     </span>
     <span class='ocr_line' id='line_1_22' title="bbox 153 1708 2188 1779; baseline 0 -16"><span class='ocrx_word' id='word_1_180' title='bbox 153 1710 230 1764; x_wconf 87' lang='lat' dir='ltr'><strong>M.</strong></span> <span class='ocrx_word' id='word_1_181' title='bbox 272 1708 532 1764; x_wconf 86' lang='lat' dir='ltr'><strong>Saufeius</strong></span> <span class='ocrx_word' id='word_1_182' title='bbox 571 1710 644 1764; x_wconf 93' lang='lat' dir='ltr'><strong>M.</strong></span> <span class='ocrx_word' id='word_1_183' title='bbox 684 1709 752 1778; x_wconf 90' lang='lat' dir='ltr'><strong>f.,</strong></span> <span class='ocrx_word' id='word_1_184' title='bbox 793 1709 890 1778; x_wconf 90' lang='lat' dir='ltr'><strong>qui</strong></span> <span class='ocrx_word' id='word_1_185' title='bbox 926 1710 1038 1764; x_wconf 86' lang='lat' dir='ltr'><strong>dux</strong></span> <span class='ocrx_word' id='word_1_186' title='bbox 1073 1710 1262 1764; x_wconf 85' lang='lat' dir='ltr'><strong>fuerat</strong></span> <span class='ocrx_word' id='word_1_187' title='bbox 1297 1709 1360 1762; x_wconf 92' lang='lat' dir='ltr'><strong>in</strong></span> <span class='ocrx_word' id='word_1_188' title='bbox 1396 1709 1773 1779; x_wconf 82' lang='lat' dir='ltr'><strong>expugnanda</strong></span> <span class='ocrx_word' id='word_1_189' title='bbox 1808 1709 2047 1764; x_wconf 87' lang='lat' dir='ltr'><strong>taberna</strong></span> <span class='ocrx_word' id='word_1_190' title='bbox 2080 1709 2188 1764; x_wconf 92' lang='lat' dir='ltr'><strong>Bo-</strong></span> 
     </span>
     <span class='ocr_line' id='line_1_23' title="bbox 151 1778 2187 1849; baseline 0.001 -16"><span class='ocrx_word' id='word_1_191' title='bbox 151 1778 310 1834; x_wconf 89' lang='lat' dir='ltr'><strong>villis</strong></span> <span class='ocrx_word' id='word_1_192' title='bbox 363 1782 422 1834; x_wconf 91' lang='lat' dir='ltr'><strong>et</strong></span> <span class='ocrx_word' id='word_1_193' title='bbox 458 1778 657 1835; x_wconf 88' lang='lat' dir='ltr'><strong>Clodio</strong></span> <span class='ocrx_word' id='word_1_194' title='bbox 704 1780 1026 1836; x_wconf 89' lang='lat' dir='ltr'><strong>occidendo.</strong></span> <span class='ocrx_word' id='word_1_195' title='bbox 1101 1779 1526 1834; x_wconf 87' lang='lat' dir='ltr'><strong>Accusaverunt</strong></span> <span class='ocrx_word' id='word_1_196' title='bbox 1562 1795 1690 1834; x_wconf 90' lang='lat' dir='ltr'><strong>eum</strong></span> <span class='ocrx_word' id='word_1_197' title='bbox 1724 1780 1783 1835; x_wconf 91' lang='lat' dir='ltr'><strong>L.</strong></span> <span class='ocrx_word' id='word_1_198' title='bbox 1824 1779 2076 1849; x_wconf 84' lang='lat' dir='ltr'><strong>Cassius,</strong></span> <span class='ocrx_word' id='word_1_199' title='bbox 2122 1782 2187 1835; x_wconf 92' lang='lat' dir='ltr'><strong>L.</strong></span> 
     </span>
     <span class='ocr_line' id='line_1_24' title="bbox 157 1849 2188 1920; baseline 0 -16"><span class='ocrx_word' id='word_1_200' title='bbox 157 1849 448 1905; x_wconf 81' lang='lat' dir='ltr'><strong>Fulcinius</strong></span> <span class='ocrx_word' id='word_1_201' title='bbox 488 1849 544 1905; x_wconf 91' lang='lat' dir='ltr'><strong>C.</strong></span> <span class='ocrx_word' id='word_1_202' title='bbox 582 1851 640 1919; x_wconf 85' lang='lat' dir='ltr'><strong>f.,</strong></span> <span class='ocrx_word' id='word_1_203' title='bbox 680 1851 738 1907; x_wconf 90' lang='lat' dir='ltr'><strong>C.</strong></span> <span class='ocrx_word' id='word_1_204' title='bbox 767 1851 1056 1920; x_wconf 78' lang='lat' dir='ltr'><strong>Valerius3</strong></span> <span class='ocrx_word' id='word_1_205' title='bbox 1094 1850 1471 1905; x_wconf 87' lang='lat' dir='ltr'><strong>defenderunt</strong></span> <span class='ocrx_word' id='word_1_206' title='bbox 1504 1851 1580 1906; x_wconf 92' lang='lat' dir='ltr'><strong>M.</strong></span> <span class='ocrx_word' id='word_1_207' title='bbox 1609 1850 1820 1919; x_wconf 91' lang='lat' dir='ltr'><strong>Cicero,</strong></span> <span class='ocrx_word' id='word_1_208' title='bbox 1858 1850 1933 1906; x_wconf 91' lang='lat' dir='ltr'><strong>M.</strong></span> <span class='ocrx_word' id='word_1_209' title='bbox 1965 1849 2188 1905; x_wconf 89' lang='lat' dir='ltr'><strong>Caelius</strong></span> 
     </span>
     <span class='ocr_line' id='line_1_25' title="bbox 159 1920 2188 1992; baseline -0 -16"><span class='ocrx_word' id='word_1_210' title='bbox 159 1921 640 1992; x_wconf 87' lang='lat' dir='ltr'><strong>obtinueruntque</strong></span> <span class='ocrx_word' id='word_1_211' title='bbox 653 1964 667 1990; x_wconf 93' lang='lat'><strong>,</strong></span> <span class='ocrx_word' id='word_1_212' title='bbox 717 1923 783 1976; x_wconf 85' lang='lat' dir='ltr'><strong>ut</strong></span> <span class='ocrx_word' id='word_1_213' title='bbox 826 1940 939 1978; x_wconf 91' lang='lat' dir='ltr'><strong>una</strong></span> <span class='ocrx_word' id='word_1_214' title='bbox 975 1922 1258 1977; x_wconf 88' lang='lat' dir='ltr'><strong>sententia</strong></span> <span class='ocrx_word' id='word_1_215' title='bbox 1293 1921 1695 1977; x_wconf 82' lang='lat' dir='ltr'><strong>absolveretur.</strong></span> <span class='ocrx_word' id='word_1_216' title='bbox 1771 1920 2188 1978; x_wconf 90' lang='lat' dir='ltr'><strong>Condemnave-</strong></span> 
     </span>
     <span class='ocr_line' id='line_1_26' title="bbox 155 1991 2187 2062; baseline -0.001 -15"><span class='ocrx_word' id='word_1_217' title='bbox 155 1994 292 2047; x_wconf 88' lang='lat' dir='ltr'><strong>runt</strong></span> <span class='ocrx_word' id='word_1_218' title='bbox 337 1996 626 2047; x_wconf 85' lang='lat' dir='ltr'><strong>senatores</strong></span> <span class='ocrx_word' id='word_1_219' title='bbox 675 1993 753 2062; x_wconf 89' lang='lat' dir='ltr'><strong>X,</strong></span> <span class='ocrx_word' id='word_1_220' title='bbox 801 1993 1182 2057; x_wconf 80' lang='lat' dir='ltr'><strong>absolverunt·</strong></span> <span class='ocrx_word' id='word_1_221' title='bbox 1209 1992 1365 2059; x_wconf 80' lang='lat' dir='ltr'><strong>vm;</strong></span> <span class='ocrx_word' id='word_1_222' title='bbox 1413 1992 1925 2047; x_wconf 88' lang='lat' dir='ltr'><strong>condemnaverunt</strong></span> <span class='ocrx_word' id='word_1_223' title='bbox 1970 1991 2187 2061; x_wconf 86' lang='lat' dir='ltr'><strong>equites</strong></span> 
     </span>
     <span class='ocr_line' id='line_1_27' title="bbox 155 2062 2187 2130; baseline -0.001 -12"><span class='ocrx_word' id='word_1_224' title='bbox 155 2062 404 2118; x_wconf 82' lang='lat' dir='ltr'><strong>Romani</strong></span> <span class='ocrx_word' id='word_1_225' title='bbox 439 2064 534 2130; x_wconf 82' lang='lat' dir='ltr'><strong>IX,</strong></span> <span class='ocrx_word' id='word_1_226' title='bbox 575 2064 940 2119; x_wconf 89' lang='lat' dir='ltr'><strong>absolverunt</strong></span> <span class='ocrx_word' id='word_1_227' title='bbox 975 2064 1122 2120; x_wconf 85' lang='lat' dir='ltr'><strong>VIII.</strong></span> <span class='ocrx_word' id='word_1_228' title='bbox 1197 2063 1310 2118; x_wconf 85' lang='lat' dir='ltr'><strong>Sed</strong></span> <span class='ocrx_word' id='word_1_229' title='bbox 1348 2080 1417 2117; x_wconf 88' lang='lat' dir='ltr'><strong>ex</strong></span> <span class='ocrx_word' id='word_1_230' title='bbox 1450 2062 1695 2117; x_wconf 86' lang='lat' dir='ltr'><strong>tribunis</strong></span> <span class='ocrx_word' id='word_1_231' title='bbox 1734 2062 1965 2117; x_wconf 83' lang='lat' dir='ltr'><strong>aerariis</strong></span> <span class='ocrx_word' id='word_1_232' title='bbox 2002 2064 2052 2117; x_wconf 92' lang='lat' dir='ltr'>X</span> <span class='ocrx_word' id='word_1_233' title='bbox 2090 2062 2187 2116; x_wconf 92' lang='lat' dir='ltr'><strong>ab·</strong></span> 
     </span>
     <span class='ocr_line' id='line_1_28' title="bbox 157 2132 2187 2203; baseline 0 -16"><span class='ocrx_word' id='word_1_234' title='bbox 157 2134 472 2200; x_wconf 88' lang='lat' dir='ltr'><strong>solverunt,</strong></span> <span class='ocrx_word' id='word_1_235' title='bbox 520 2134 600 2188; x_wconf 90' lang='lat' dir='ltr'><strong>VI</strong></span> <span class='ocrx_word' id='word_1_236' title='bbox 645 2134 1077 2203; x_wconf 87' lang='lat' dir='ltr'><strong>damnaverunt,</strong></span> <span class='ocrx_word' id='word_1_237' title='bbox 1125 2134 1603 2202; x_wconf 88' lang='lat' dir='ltr'><strong>manifestumque</strong></span> <span class='ocrx_word' id='word_1_238' title='bbox 1650 2132 1843 2189; x_wconf 91' lang='lat' dir='ltr'><strong>odium</strong></span> <span class='ocrx_word' id='word_1_239' title='bbox 1890 2132 2055 2189; x_wconf 90' lang='lat' dir='ltr'><strong>Clodi</strong></span> <span class='ocrx_word' id='word_1_240' title='bbox 2102 2149 2187 2187; x_wconf 88' lang='lat' dir='ltr'><strong>sa-</strong></span> 
     </span>
     <span class='ocr_line' id='line_1_29' title="bbox 154 2203 2187 2275; baseline 0 -17"><span class='ocrx_word' id='word_1_241' title='bbox 154 2204 267 2258; x_wconf 89' lang='lat' dir='ltr'><strong>luti</strong></span> <span class='ocrx_word' id='word_1_242' title='bbox 323 2203 553 2259; x_wconf 86' lang='lat' dir='ltr'><strong>Saufeio</strong></span> <span class='ocrx_word' id='word_1_243' title='bbox 607 2204 743 2275; x_wconf 79' lang='lat' dir='ltr'><strong>fuit,</strong></span> <span class='ocrx_word' id='word_1_244' title='bbox 798 2222 925 2260; x_wconf 92' lang='lat' dir='ltr'><strong>cum</strong></span> <span class='ocrx_word' id='word_1_245' title='bbox 981 2204 1100 2259; x_wconf 91' lang='lat' dir='ltr'><strong>eius</strong></span> <span class='ocrx_word' id='word_1_246' title='bbox 1152 2206 1245 2259; x_wconf 90' lang='lat' dir='ltr'><strong>vel</strong></span> <span class='ocrx_word' id='word_1_247' title='bbox 1298 2204 1461 2274; x_wconf 88' lang='lat' dir='ltr'><strong>peior</strong></span> <span class='ocrx_word' id='word_1_248' title='bbox 1510 2220 1683 2258; x_wconf 89' lang='lat' dir='ltr'><strong>causa</strong></span> <span class='ocrx_word' id='word_1_249' title='bbox 1736 2221 1908 2274; x_wconf 87' lang='lat' dir='ltr'><strong>quam</strong></span> <span class='ocrx_word' id='word_1_250' title='bbox 1956 2203 2187 2259; x_wconf 88' lang='lat' dir='ltr'><strong>Milonis</strong></span> 
     </span>
     <span class='ocr_line' id='line_1_30' title="bbox 153 2273 2182 2345; baseline 0 -15"><span class='ocrx_word' id='word_1_251' title='bbox 153 2274 377 2342; x_wconf 85' lang='lat' dir='ltr'><strong>fuisset,</strong></span> <span class='ocrx_word' id='word_1_252' title='bbox 416 2275 567 2344; x_wconf 89' lang='lat' dir='ltr'><strong>quod</strong></span> <span class='ocrx_word' id='word_1_253' title='bbox 605 2276 800 2345; x_wconf 89' lang='lat' dir='ltr'><strong>aperte</strong></span> <span class='ocrx_word' id='word_1_254' title='bbox 838 2275 950 2329; x_wconf 83' lang='lat' dir='ltr'><strong>dux</strong></span> <span class='ocrx_word' id='word_1_255' title='bbox 985 2276 1173 2330; x_wconf 86' lang='lat' dir='ltr'><strong>fuerat</strong></span> <span class='ocrx_word' id='word_1_256' title='bbox 1208 2275 1615 2345; x_wconf 85' lang='lat' dir='ltr'><strong>expugnandae</strong></span> <span class='ocrx_word' id='word_1_257' title='bbox 1650 2276 1939 2331; x_wconf 86' lang='lat' dir='ltr'><strong>tabernae.</strong></span> <span class='ocrx_word' id='word_1_258' title='bbox 2003 2273 2182 2344; x_wconf 83' lang='lat' dir='ltr'><strong>Repe·</strong></span> 
     </span>
     <span class='ocr_line' id='line_1_31' title="bbox 154 2344 2189 2416; baseline 0 -16"><span class='ocrx_word' id='word_1_259' title='bbox 154 2346 297 2400; x_wconf 89' lang='lat' dir='ltr'><strong>titus</strong></span> <span class='ocrx_word' id='word_1_260' title='bbox 339 2345 546 2400; x_wconf 90' lang='lat' dir='ltr'><strong>deinde</strong></span> <span class='ocrx_word' id='word_1_261' title='bbox 581 2348 714 2415; x_wconf 89' lang='lat' dir='ltr'><strong>post</strong></span> <span class='ocrx_word' id='word_1_262' title='bbox 748 2362 958 2416; x_wconf 86' lang='lat' dir='ltr'><strong>paucos</strong></span> <span class='ocrx_word' id='word_1_263' title='bbox 997 2346 1118 2401; x_wconf 89' lang='lat' dir='ltr'><strong>dies</strong></span> <span class='ocrx_word' id='word_1_264' title='bbox 1157 2347 1309 2415; x_wconf 89' lang='lat' dir='ltr'><strong>apud</strong></span> <span class='ocrx_word' id='word_1_265' title='bbox 1349 2346 1405 2401; x_wconf 82' lang='lat'><strong>0.</strong></span> <span class='ocrx_word' id='word_1_266' title='bbox 1448 2345 1771 2400; x_wconf 87' lang='lat' dir='ltr'><strong>Considium</strong></span> <span class='ocrx_word' id='word_1_267' title='bbox 1810 2344 2189 2414; x_wconf 84' lang='lat' dir='ltr'><strong>quaesitorem</strong></span> 
     </span>
     <span class='ocr_line' id='line_1_32' title="bbox 153 2414 2191 2499; baseline 0 -28"><span class='ocrx_word' id='word_1_268' title='bbox 153 2419 243 2471; x_wconf 88' lang='lat' dir='ltr'><strong>est</strong></span> <span class='ocrx_word' id='word_1_269' title='bbox 305 2414 436 2486; x_wconf 83' lang='lat' dir='ltr'><strong>lege</strong></span> <span class='ocrx_word' id='word_1_270' title='bbox 480 2415 710 2470; x_wconf 90' lang='lat' dir='ltr'><strong>Plautia</strong></span> <span class='ocrx_word' id='word_1_271' title='bbox 768 2416 838 2471; x_wconf 92' lang='lat' dir='ltr'><strong>de</strong></span> <span class='ocrx_word' id='word_1_272' title='bbox 884 2416 944 2472; x_wconf 92' lang='lat' dir='ltr'><strong>vi</strong></span> <span class='ocrx_word' id='word_1_273' title='bbox 991 2416 1403 2499; x_wconf 80' lang='lat' dir='ltr'><strong>subscriptione</strong></span> <span class='ocrx_word' id='word_1_274' title='bbox 1450 2432 1542 2485; x_wconf 88' lang='lat' dir='ltr'><strong>ea,</strong></span> <span class='ocrx_word' id='word_1_275' title='bbox 1597 2415 1748 2485; x_wconf 90' lang='lat' dir='ltr'><strong>quod</strong></span> <span class='ocrx_word' id='word_1_276' title='bbox 1792 2416 1921 2470; x_wconf 90' lang='lat' dir='ltr'><strong>loca</strong></span> <span class='ocrx_word' id='word_1_277' title='bbox 1960 2419 2191 2499; x_wconf 66' lang='lat' dir='ltr'><strong>publica</strong></span> 
     </span>
     <span class='ocr_line' id='line_1_33' title="bbox 151 2487 2188 2639; baseline 0 -28"><span class='ocrx_word' id='word_1_278' title='bbox 151 2487 925 2613; x_wconf 50' lang='lat' dir='ltr'><strong>ffissf’fflfffgcssgassfflelss.</strong></span> <span class='ocrx_word' id='word_1_279' title='bbox 942 2487 1188 2625; x_wconf 52' lang='lat' dir='ltr'><strong>fffifffffi’,</strong></span> <span class='ocrx_word' id='word_1_280' title='bbox 1207 2504 1340 2613; x_wconf 52' lang='lat' dir='ltr'><strong>ncaff</strong></span> <span class='ocrx_word' id='word_1_281' title='bbox 1364 2488 1857 2639; x_wconf 41' lang='grc' dir='ltr'><strong>ἕὶιῗῃζὲξνῧῖἶῖῗ</strong></span> <span class='ocrx_word' id='word_1_282' title='bbox 1892 2557 1967 2613; x_wconf 86' lang='lat' dir='ltr'><strong>M.</strong></span> <span class='ocrx_word' id='word_1_283' title='bbox 2007 2489 2188 2639; x_wconf 37' lang='lat' dir='ltr'><strong>sege]</strong></span> 
     </span>
     <span class='ocr_line' id='line_1_34' title="bbox 155 2627 2187 2695; baseline -0 -12"><span class='ocrx_word' id='word_1_284' title='bbox 155 2668 562 2685; x_wconf 90' lang='grc'><strong>............</strong></span> <span class='ocrx_word' id='word_1_285' title='bbox 647 2629 771 2685; x_wconf 81' lang='lat' dir='ltr'><strong>Sex.</strong></span> <span class='ocrx_word' id='word_1_286' title='bbox 819 2627 886 2695; x_wconf 84' lang='lat' dir='ltr'><strong>f.;</strong></span> <span class='ocrx_word' id='word_1_287' title='bbox 947 2628 1322 2684; x_wconf 84' lang='lat' dir='ltr'><strong>defenderunt</strong></span> <span class='ocrx_word' id='word_1_288' title='bbox 1426 2672 1439 2683; x_wconf 87' lang='lat'><strong>.</strong></span> <span class='ocrx_word' id='word_1_289' title='bbox 1494 2628 1712 2695; x_wconf 82' lang='lat' dir='ltr'><strong>Cicero,</strong></span> <span class='ocrx_word' id='word_1_290' title='bbox 1768 2627 1844 2683; x_wconf 90' lang='lat' dir='ltr'><strong>M.</strong></span> <span class='ocrx_word' id='word_1_291' title='bbox 1891 2628 2187 2682; x_wconf 83' lang='lat' dir='ltr'><strong>Terentms</strong></span> 
     </span>
     <span class='ocr_line' id='line_1_35' title="bbox 153 2697 2186 2769; baseline -0 -17"><span class='ocrx_word' id='word_1_292' title='bbox 153 2698 336 2754; x_wconf 87' lang='lat' dir='ltr'><strong>Varro</strong></span> <span class='ocrx_word' id='word_1_293' title='bbox 386 2697 586 2753; x_wconf 77' lang='lat' dir='ltr'><strong>Gibba.</strong></span> <span class='ocrx_word' id='word_1_294' title='bbox 671 2698 982 2754; x_wconf 87' lang='lat' dir='ltr'><strong>Absolutus</strong></span> <span class='ocrx_word' id='word_1_295' title='bbox 1037 2706 1114 2755; x_wconf 81' lang='lat' dir='ltr'><strong>est</strong></span> <span class='ocrx_word' id='word_1_296' title='bbox 1167 2701 1449 2755; x_wconf 76' lang='lat' dir='ltr'><strong>sententiis</strong></span> <span class='ocrx_word' id='word_1_297' title='bbox 1500 2698 1724 2769; x_wconf 85' lang='lat' dir='ltr'><strong>plenius</strong></span> <span class='ocrx_word' id='word_1_298' title='bbox 1779 2713 1950 2767; x_wconf 87' lang='lat' dir='ltr'><strong>quam</strong></span> <span class='ocrx_word' id='word_1_299' title='bbox 2004 2698 2186 2768; x_wconf 88' lang='lat' dir='ltr'><strong>prius;</strong></span> 
     </span>
    </p>

    <p class='ocr_par' dir='ltr' id='par_1_5' title="bbox 153 2768 2189 2979">
     <span class='ocr_line' id='line_1_36' title="bbox 222 2768 2187 2837; baseline -0.001 -12"><span class='ocrx_word' id='word_1_300' title='bbox 222 2786 356 2825; x_wconf 87' lang='lat' dir='ltr'><strong>aves</strong></span> <span class='ocrx_word' id='word_1_301' title='bbox 403 2768 607 2823; x_wconf 86' lang='lat' dir='ltr'><strong>habuit</strong></span> <span class='ocrx_word' id='word_1_302' title='bbox 650 2770 808 2837; x_wconf 87' lang='lat' dir='ltr'><strong>XIX,</strong></span> <span class='ocrx_word' id='word_1_303' title='bbox 854 2768 1232 2824; x_wconf 90' lang='lat' dir='ltr'><strong>absolutorias</strong></span> <span class='ocrx_word' id='word_1_304' title='bbox 1269 2769 1321 2823; x_wconf 91' lang='lat' dir='ltr'>H</span> <span class='ocrx_word' id='word_1_305' title='bbox 1370 2770 1429 2825; x_wconf 89' lang='lat' dir='ltr'><strong>et</strong></span> <span class='ocrx_word' id='word_1_306' title='bbox 1464 2768 1645 2837; x_wconf 86' lang='lat' dir='ltr'>XXX,</span> <span class='ocrx_word' id='word_1_307' title='bbox 1694 2768 1794 2823; x_wconf 90' lang='lat' dir='ltr'><strong>sed</strong></span> <span class='ocrx_word' id='word_1_308' title='bbox 1832 2785 1863 2823; x_wconf 92' lang='lat' dir='ltr'><strong>e</strong></span> <span class='ocrx_word' id='word_1_309' title='bbox 1902 2768 2187 2823; x_wconf 87' lang='lat' dir='ltr'><strong>contrario</strong></span> 
     </span>
     <span class='ocr_line' id='line_1_37' title="bbox 195 2839 2189 2909; baseline -0.003 -13"><span class='ocrx_word' id='word_1_310' title='bbox 195 2856 262 2896; x_wconf 91' lang='lat' dir='ltr'><strong>oc</strong></span> <span class='ocrx_word' id='word_1_311' title='bbox 308 2856 378 2894; x_wconf 87' lang='lat' dir='ltr'><strong>ac</strong></span> <span class='ocrx_word' id='word_1_312' title='bbox 423 2839 610 2909; x_wconf 89' lang='lat' dir='ltr'><strong>priore</strong></span> <span class='ocrx_word' id='word_1_313' title='bbox 647 2840 861 2896; x_wconf 87' lang='lat' dir='ltr'><strong>iudicio</strong></span> <span class='ocrx_word' id='word_1_314' title='bbox 901 2839 1134 2908; x_wconf 79' lang='lat' dir='ltr'><strong>accidit3</strong></span> <span class='ocrx_word' id='word_1_315' title='bbox 1183 2839 1403 2908; x_wconf 89' lang='lat' dir='ltr'><strong>equites</strong></span> <span class='ocrx_word' id='word_1_316' title='bbox 1442 2840 1593 2895; x_wconf 88' lang='lat' dir='ltr'><strong>enim</strong></span> <span class='ocrx_word' id='word_1_317' title='bbox 1629 2855 1695 2893; x_wconf 88' lang='lat' dir='ltr'><strong>ac</strong></span> <span class='ocrx_word' id='word_1_318' title='bbox 1734 2840 2021 2894; x_wconf 87' lang='lat' dir='ltr'><strong>senatores</strong></span> <span class='ocrx_word' id='word_1_319' title='bbox 2059 2855 2189 2893; x_wconf 91' lang='lat' dir='ltr'><strong>eum</strong></span> 
     </span>
     <span class='ocr_line' id='line_1_38' title="bbox 153 2910 1495 2979; baseline 0 -14"><span class='ocrx_word' id='word_1_320' title='bbox 153 2911 538 2979; x_wconf 89' lang='lat' dir='ltr'><strong>absolverunt,</strong></span> <span class='ocrx_word' id='word_1_321' title='bbox 573 2910 790 2966; x_wconf 86' lang='lat' dir='ltr'><strong>tribuni</strong></span> <span class='ocrx_word' id='word_1_322' title='bbox 825 2910 1032 2965; x_wconf 88' lang='lat' dir='ltr'><strong>aerarii</strong></span> <span class='ocrx_word' id='word_1_323' title='bbox 1069 2910 1495 2966; x_wconf 90' lang='lat' dir='ltr'><strong>damnaverunt.</strong></span> 
     </span>
    </p>

    <p class='ocr_par' dir='ltr' id='par_1_6' title="bbox 142 2977 2189 3474">
     <span class='ocr_line' id='line_1_39' title="bbox 296 2977 2189 3050; baseline -0.002 -14"><span class='ocrx_word' id='word_1_324' title='bbox 296 2982 424 3038; x_wconf 82' lang='lat' dir='ltr'><strong>Sex.</strong></span> <span class='ocrx_word' id='word_1_325' title='bbox 474 2983 666 3036; x_wconf 89' lang='lat' dir='ltr'><strong>autem</strong></span> <span class='ocrx_word' id='word_1_326' title='bbox 703 2981 960 3049; x_wconf 86' lang='lat' dir='ltr'><strong>Clodius,</strong></span> <span class='ocrx_word' id='word_1_327' title='bbox 1011 2997 1122 3050; x_wconf 90' lang='lat' dir='ltr'><strong>quo</strong></span> <span class='ocrx_word' id='word_1_328' title='bbox 1171 2983 1399 3037; x_wconf 87' lang='lat' dir='ltr'><strong>auctore</strong></span> <span class='ocrx_word' id='word_1_329' title='bbox 1438 2998 1503 3036; x_wconf 92' lang='lat' dir='ltr'><strong>co</strong></span> <span class='ocrx_word' id='word_1_330' title='bbox 1570 2998 1637 3035; x_wconf 90' lang='lat' dir='ltr'><strong>us</strong></span> <span class='ocrx_word' id='word_1_331' title='bbox 1676 2978 1841 3035; x_wconf 89' lang='lat' dir='ltr'><strong>Clodi</strong></span> <span class='ocrx_word' id='word_1_332' title='bbox 1876 2980 1937 3032; x_wconf 90' lang='lat' dir='ltr'><strong>in</strong></span> <span class='ocrx_word' id='word_1_333' title='bbox 1972 2977 2189 3033; x_wconf 88' lang='lat' dir='ltr'><strong>curiam</strong></span> 
     </span>
     <span class='ocr_line' id='line_1_40' title="bbox 150 3048 2187 3119; baseline -0 -14"><span class='ocrx_word' id='word_1_334' title='bbox 150 3050 381 3107; x_wconf 90' lang='lat' dir='ltr'><strong>illatum</strong></span> <span class='ocrx_word' id='word_1_335' title='bbox 425 3051 564 3119; x_wconf 88' lang='lat' dir='ltr'><strong>fuit,</strong></span> <span class='ocrx_word' id='word_1_336' title='bbox 631 3052 1030 3107; x_wconf 86' lang='lat' dir='ltr'><strong>accusantibus</strong></span> <span class='ocrx_word' id='word_1_337' title='bbox 1078 3052 1138 3108; x_wconf 85' lang='lat' dir='ltr'><strong>C.</strong></span> <span class='ocrx_word' id='word_1_338' title='bbox 1188 3051 1499 3107; x_wconf 87' lang='lat' dir='ltr'><strong>Caesennio</strong></span> <span class='ocrx_word' id='word_1_339' title='bbox 1593 3050 1809 3117; x_wconf 86' lang='lat' dir='ltr'><strong>hilone,</strong></span> <span class='ocrx_word' id='word_1_340' title='bbox 1855 3048 1930 3104; x_wconf 88' lang='lat' dir='ltr'><strong>M.</strong></span> <span class='ocrx_word' id='word_1_341' title='bbox 1978 3048 2187 3104; x_wconf 85' lang='lat' dir='ltr'><strong>Alfidio</strong></span> 
     </span>
     <span class='ocr_line' id='line_1_41' title="bbox 151 3120 2187 3192; baseline -0.001 -17"><span class='ocrx_word' id='word_1_342' title='bbox 151 3122 497 3178; x_wconf 84' lang='lat' dir='ltr'><strong>defendente</strong></span> <span class='ocrx_word' id='word_1_343' title='bbox 523 3123 585 3177; x_wconf 90' lang='lat' dir='ltr'><strong>T.</strong></span> <span class='ocrx_word' id='word_1_344' title='bbox 615 3123 914 3179; x_wconf 83' lang='lat' dir='ltr'><strong>Flacconio</strong></span> <span class='ocrx_word' id='word_1_345' title='bbox 950 3139 1159 3192; x_wconf 83' lang='lat' dir='ltr'><strong>magno</strong></span> <span class='ocrx_word' id='word_1_346' title='bbox 1197 3139 1471 3177; x_wconf 84' lang='lat' dir='ltr'><strong>consensu</strong></span> <span class='ocrx_word' id='word_1_347' title='bbox 1508 3121 1809 3176; x_wconf 88' lang='lat' dir='ltr'><strong>damnatus</strong></span> <span class='ocrx_word' id='word_1_348' title='bbox 1850 3120 1938 3173; x_wconf 90' lang='lat' dir='ltr'><strong>est</strong></span> <span class='ocrx_word' id='word_1_349' title='bbox 1964 3120 2187 3173; x_wconf 88' lang='lat' dir='ltr'><strong>senten-</strong></span> 
     </span>
     <span class='ocr_line' id='line_1_42' title="bbox 147 3189 2184 3261; baseline -0.001 -14"><span class='ocrx_word' id='word_1_350' title='bbox 147 3192 248 3248; x_wconf 86' lang='lat' dir='ltr'><strong>tiis</strong></span> <span class='ocrx_word' id='word_1_351' title='bbox 285 3194 365 3249; x_wconf 88' lang='lat' dir='ltr'><strong>VI</strong></span> <span class='ocrx_word' id='word_1_352' title='bbox 413 3196 473 3249; x_wconf 90' lang='lat' dir='ltr'><strong>et</strong></span> <span class='ocrx_word' id='word_1_353' title='bbox 507 3193 632 3260; x_wconf 82' lang='lat' dir='ltr'><strong>XL;</strong></span> <span class='ocrx_word' id='word_1_354' title='bbox 681 3192 1056 3248; x_wconf 89' lang='lat' dir='ltr'><strong>absolutorias</strong></span> <span class='ocrx_word' id='word_1_355' title='bbox 1094 3192 1343 3261; x_wconf 90' lang='lat' dir='ltr'><strong>quinque</strong></span> <span class='ocrx_word' id='word_1_356' title='bbox 1383 3193 1609 3247; x_wconf 90' lang='lat' dir='ltr'><strong>omnino</strong></span> <span class='ocrx_word' id='word_1_357' title='bbox 1648 3189 1874 3256; x_wconf 89' lang='lat' dir='ltr'><strong>habuit,</strong></span> <span class='ocrx_word' id='word_1_358' title='bbox 1923 3190 2063 3245; x_wconf 86' lang='lat' dir='ltr'><strong>duas</strong></span> <span class='ocrx_word' id='word_1_359' title='bbox 2102 3207 2184 3245; x_wconf 92' lang='lat' dir='ltr'><strong>se-</strong></span> 
     </span>
     <span class='ocr_line' id='line_1_43' title="bbox 147 3262 2186 3333; baseline -0.001 -15"><span class='ocrx_word' id='word_1_360' title='bbox 147 3267 427 3332; x_wconf 86' lang='lat' dir='ltr'><strong>natorum,</strong></span> <span class='ocrx_word' id='word_1_361' title='bbox 466 3266 583 3319; x_wconf 84' lang='lat' dir='ltr'><strong>tres</strong></span> <span class='ocrx_word' id='word_1_362' title='bbox 621 3264 892 3333; x_wconf 89' lang='lat' dir='ltr'><strong>equitum.</strong></span> <span class='ocrx_word' id='word_1_363' title='bbox 955 3263 1128 3317; x_wconf 81' lang='lat' dir='ltr'><strong>Multi</strong></span> <span class='ocrx_word' id='word_1_364' title='bbox 1162 3266 1461 3332; x_wconf 88' lang='lat' dir='ltr'><strong>praeterea</strong></span> <span class='ocrx_word' id='word_1_365' title='bbox 1496 3264 1555 3317; x_wconf 89' lang='lat' dir='ltr'><strong>et</strong></span> <span class='ocrx_word' id='word_1_366' title='bbox 1589 3262 1917 3331; x_wconf 86' lang='lat' dir='ltr'><strong>praesentes</strong></span> <span class='ocrx_word' id='word_1_367' title='bbox 1947 3263 2021 3327; x_wconf 89' lang='lat' dir='ltr'><strong>et,</strong></span> <span class='ocrx_word' id='word_1_368' title='bbox 2059 3276 2186 3315; x_wconf 89' lang='lat' dir='ltr'><strong>cum</strong></span> 
     </span>
     <span class='ocr_line' id='line_1_44' title="bbox 147 3328 2185 3405; baseline -0.002 -16"><span class='ocrx_word' id='word_1_369' title='bbox 147 3334 313 3391; x_wconf 89' lang='lat' dir='ltr'><strong>citati</strong></span> <span class='ocrx_word' id='word_1_370' title='bbox 367 3351 486 3390; x_wconf 93' lang='lat' dir='ltr'><strong>non</strong></span> <span class='ocrx_word' id='word_1_371' title='bbox 542 3335 994 3405; x_wconf 86' lang='lat' dir='ltr'><strong>respondissent,</strong></span> <span class='ocrx_word' id='word_1_372' title='bbox 1052 3333 1311 3387; x_wconf 90' lang='lat' dir='ltr'><strong>damnati</strong></span> <span class='ocrx_word' id='word_1_373' title='bbox 1367 3336 1522 3403; x_wconf 90' lang='lat' dir='ltr'><strong>sunt,</strong></span> <span class='ocrx_word' id='word_1_374' title='bbox 1573 3349 1642 3387; x_wconf 89' lang='lat' dir='ltr'><strong>ex</strong></span> <span class='ocrx_word' id='word_1_375' title='bbox 1687 3328 1893 3399; x_wconf 89' lang='lat' dir='ltr'><strong>quibus</strong></span> <span class='ocrx_word' id='word_1_376' title='bbox 1940 3330 2185 3385; x_wconf 84' lang='lat' dir='ltr'><strong>maxima</strong></span> 
     </span>
     <span class='ocr_line' id='line_1_45' title="bbox 142 3404 884 3474; baseline -0.003 -14"><span class='ocrx_word' id='word_1_377' title='bbox 142 3423 278 3474; x_wconf 85' lang='lat' dir='ltr'><strong>pars</strong></span> <span class='ocrx_word' id='word_1_378' title='bbox 315 3407 430 3461; x_wconf 81' lang='lat' dir='ltr'><strong>fuit</strong></span> <span class='ocrx_word' id='word_1_379' title='bbox 470 3404 884 3461; x_wconf 86' lang='lat' dir='ltr'><strong>Clodianorum.</strong></span> 
     </span>
    </p>
   </div>
   <div class='ocr_carea' id='block_1_3' title="bbox 949 3512 1375 3523">
    <p class='ocr_par' dir='ltr' id='par_1_7' title="bbox 949 3512 1375 3523">
     <span class='ocr_line' id='line_1_46' title="bbox 949 3512 1375 3523; baseline 0 352"><span class='ocrx_word' id='word_1_380' title='bbox 949 3512 1375 3523; x_wconf 95' lang='lat' dir='ltr'><strong> </strong></span> 
     </span>
    </p>
   </div>
  </div>
 </body>
</html>
