<?xml version="1.0" encoding="UTF-8"?>
<!DOCTYPE html PUBLIC "-//W3C//DTD XHTML 1.0 Transitional//EN"
    "http://www.w3.org/TR/xhtml1/DTD/xhtml1-transitional.dtd">
<html xmlns="http://www.w3.org/1999/xhtml" xml:lang="en" lang="en">
 <head>
  <title>
</title>
<meta http-equiv="Content-Type" content="text/html;charset=utf-8" />
  <meta name='ocr-system' content='tesseract 3.04.00' />
  <meta name='ocr-capabilities' content='ocr_page ocr_carea ocr_par ocr_line ocrx_word'/>
</head>
<body>
  <div class='ocr_page' id='page_1' title='image "./scriptaquaemans00mlgoog_0474.png"; bbox 0 0 2550 3875; ppageno 0'>
   <div class='ocr_carea' id='block_1_1' title="bbox 325 141 1785 210">
    <p class='ocr_par' dir='ltr' id='par_1_1' title="bbox 325 141 1785 210">
     <span class='ocr_line' id='line_1_1' title="bbox 325 141 1785 210; baseline -0.008 -1"><span class='ocrx_word' id='word_1_1' title='bbox 325 144 456 208; x_wconf 83' lang='lat'>338</span> <span class='ocrx_word' id='word_1_2' title='bbox 886 143 1029 198; x_wconf 86' lang='lat' dir='ltr'>PRO</span> <span class='ocrx_word' id='word_1_3' title='bbox 1067 143 1128 210; x_wconf 83' lang='lat' dir='ltr'>Q.</span> <span class='ocrx_word' id='word_1_4' title='bbox 1167 142 1462 198; x_wconf 80' lang='lat' dir='ltr'><strong>LIGARIO</strong></span> <span class='ocrx_word' id='word_1_5' title='bbox 1500 141 1785 198; x_wconf 85' lang='lat' dir='ltr'>ORATIO.</span> 
     </span>
    </p>
   </div>
   <div class='ocr_carea' id='block_1_2' title="bbox 205 301 2447 3557">
    <p class='ocr_par' dir='ltr' id='par_1_2' title="bbox 327 301 2359 478">
     <span class='ocr_line' id='line_1_2' title="bbox 327 301 2356 391; baseline -0.002 -21"><span class='ocrx_word' id='word_1_6' title='bbox 327 306 569 391; x_wconf 80' lang='lat' dir='ltr'>generi,</span> <span class='ocrx_word' id='word_1_7' title='bbox 603 305 873 386; x_wconf 86' lang='lat' dir='ltr'>nomini,</span> <span class='ocrx_word' id='word_1_8' title='bbox 907 304 1213 390; x_wconf 80' lang='lat' dir='ltr'>familiae,</span> <span class='ocrx_word' id='word_1_9' title='bbox 1249 305 1647 388; x_wconf 86' lang='lat' dir='ltr'>disciplinae.</span> <span class='ocrx_word' id='word_1_10' title='bbox 1723 301 1852 369; x_wconf 83' lang='lat' dir='ltr'>Sed</span> <span class='ocrx_word' id='word_1_11' title='bbox 1886 303 2012 368; x_wconf 88' lang='lat' dir='ltr'>hoc</span> <span class='ocrx_word' id='word_1_12' title='bbox 2046 323 2181 366; x_wconf 90' lang='lat' dir='ltr'>non</span> <span class='ocrx_word' id='word_1_13' title='bbox 2209 323 2356 367; x_wconf 89' lang='lat' dir='ltr'>con-</span> 
     </span>
     <span class='ocr_line' id='line_1_3' title="bbox 329 390 2359 478; baseline -0.002 -20"><span class='ocrx_word' id='word_1_14' title='bbox 329 394 504 478; x_wconf 84' lang='lat' dir='ltr'>cede,</span> <span class='ocrx_word' id='word_1_15' title='bbox 548 397 641 477; x_wconf 88' lang='lat' dir='ltr'>ut,</span> <span class='ocrx_word' id='word_1_16' title='bbox 689 393 924 477; x_wconf 88' lang='lat' dir='ltr'>quibus</span> <span class='ocrx_word' id='word_1_17' title='bbox 970 394 1162 458; x_wconf 88' lang='lat' dir='ltr'>rebus</span> <span class='ocrx_word' id='word_1_18' title='bbox 1211 393 1582 478; x_wconf 84' lang='lat' dir='ltr'>gloriemini</span> <span class='ocrx_word' id='word_1_19' title='bbox 1627 392 1695 456; x_wconf 92' lang='lat' dir='ltr'>in</span> <span class='ocrx_word' id='word_1_20' title='bbox 1741 391 1947 475; x_wconf 83' lang='lat' dir='ltr'>vobis,</span> <span class='ocrx_word' id='word_1_21' title='bbox 1992 390 2251 455; x_wconf 89' lang='lat' dir='ltr'>easdem</span> <span class='ocrx_word' id='word_1_22' title='bbox 2287 390 2359 454; x_wconf 91' lang='lat' dir='ltr'>in</span> 
     </span>
    </p>

    <p class='ocr_par' dir='ltr' id='par_1_3' title="bbox 239 479 2447 918">
     <span class='ocr_line' id='line_1_4' title="bbox 239 479 2358 565; baseline -0.004 -16"><span class='ocrx_word' id='word_1_23' title='bbox 239 500 307 548; x_wconf 81' lang='lat'>21</span> <span class='ocrx_word' id='word_1_24' title='bbox 331 481 476 545; x_wconf 87' lang='lat' dir='ltr'>aliis</span> <span class='ocrx_word' id='word_1_25' title='bbox 540 481 1046 565; x_wconf 89' lang='lat' dir='ltr'>reprehendatis.</span> <span class='ocrx_word' id='word_1_26' title='bbox 1153 480 1515 546; x_wconf 84' lang='lat' dir='ltr'>Tuberonis</span> <span class='ocrx_word' id='word_1_27' title='bbox 1571 501 1713 545; x_wconf 91' lang='lat' dir='ltr'>sors</span> <span class='ocrx_word' id='word_1_28' title='bbox 1770 479 2065 545; x_wconf 87' lang='lat' dir='ltr'>coniecta</span> <span class='ocrx_word' id='word_1_29' title='bbox 2118 481 2221 543; x_wconf 89' lang='lat' dir='ltr'>est</span> <span class='ocrx_word' id='word_1_30' title='bbox 2278 499 2358 542; x_wconf 85' lang='lat' dir='ltr'>ex</span> 
     </span>
     <span class='ocr_line' id='line_1_5' title="bbox 331 566 2357 653; baseline -0.002 -20"><span class='ocrx_word' id='word_1_31' title='bbox 331 573 593 633; x_wconf 88' lang='lat' dir='ltr'>senatus</span> <span class='ocrx_word' id='word_1_32' title='bbox 639 570 957 653; x_wconf 89' lang='lat' dir='ltr'>consulto,</span> <span class='ocrx_word' id='word_1_33' title='bbox 1004 591 1151 634; x_wconf 89' lang='lat' dir='ltr'>cum</span> <span class='ocrx_word' id='word_1_34' title='bbox 1196 570 1335 653; x_wconf 88' lang='lat' dir='ltr'>ipse</span> <span class='ocrx_word' id='word_1_35' title='bbox 1381 591 1515 634; x_wconf 88' lang='lat' dir='ltr'>non</span> <span class='ocrx_word' id='word_1_36' title='bbox 1560 569 1832 650; x_wconf 89' lang='lat' dir='ltr'>adesset,-</span> <span class='ocrx_word' id='word_1_37' title='bbox 1877 567 2106 632; x_wconf 90' lang='lat' dir='ltr'>morbo</span> <span class='ocrx_word' id='word_1_38' title='bbox 2154 566 2357 630; x_wconf 86' lang='lat' dir='ltr'>etiam</span> 
     </span>
     <span class='ocr_line' id='line_1_6' title="bbox 329 655 2447 741; baseline -0.001 -21"><span class='ocrx_word' id='word_1_39' title='bbox 329 657 780 741; x_wconf 83' lang='lat' dir='ltr'>impediretur3</span> <span class='ocrx_word' id='word_1_40' title='bbox 871 661 1192 722; x_wconf 72' lang='lat' dir='ltr'><strong>statuerat</strong></span> <span class='ocrx_word' id='word_1_41' title='bbox 1283 679 1605 722; x_wconf 85' lang='lat' dir='ltr'>excusare.</span> <span class='ocrx_word' id='word_1_42' title='bbox 1732 655 1913 720; x_wconf 90' lang='lat' dir='ltr'>Haec</span> <span class='ocrx_word' id='word_1_43' title='bbox 1995 675 2118 740; x_wconf 82' lang='lat' dir='ltr'>ego</span> <span class='ocrx_word' id='word_1_44' title='bbox 2200 655 2359 719; x_wconf 85' lang='lat' dir='ltr'>novi</span> <span class='ocrx_word' id='word_1_45' title='bbox 2416 672 2447 712; x_wconf 79' lang='lat'><strong>5</strong></span> 
     </span>
     <span class='ocr_line' id='line_1_7' title="bbox 326 743 2359 829; baseline -0.001 -21"><span class='ocrx_word' id='word_1_46' title='bbox 326 749 596 828; x_wconf 89' lang='lat' dir='ltr'>propter</span> <span class='ocrx_word' id='word_1_47' title='bbox 661 767 881 810; x_wconf 88' lang='lat' dir='ltr'>omnes</span> <span class='ocrx_word' id='word_1_48' title='bbox 946 745 1484 829; x_wconf 84' lang='lat' dir='ltr'>necessitudines,</span> <span class='ocrx_word' id='word_1_49' title='bbox 1550 766 1713 828; x_wconf 90' lang='lat' dir='ltr'>quae</span> <span class='ocrx_word' id='word_1_50' title='bbox 1777 743 1940 808; x_wconf 85' lang='lat' dir='ltr'>mihi</span> <span class='ocrx_word' id='word_1_51' title='bbox 2004 747 2158 807; x_wconf 88' lang='lat' dir='ltr'>sunt</span> <span class='ocrx_word' id='word_1_52' title='bbox 2210 765 2359 807; x_wconf 90' lang='lat' dir='ltr'>cum</span> 
     </span>
     <span class='ocr_line' id='line_1_8' title="bbox 330 831 2359 918; baseline -0 -22"><span class='ocrx_word' id='word_1_53' title='bbox 330 831 401 896; x_wconf 89' lang='lat' dir='ltr'>L.</span> <span class='ocrx_word' id='word_1_54' title='bbox 439 832 808 918; x_wconf 82' lang='lat' dir='ltr'>Tuberone3</span> <span class='ocrx_word' id='word_1_55' title='bbox 853 834 1031 898; x_wconf 90' lang='lat' dir='ltr'>domi</span> <span class='ocrx_word' id='word_1_56' title='bbox 1068 855 1198 897; x_wconf 88' lang='lat' dir='ltr'>una</span> <span class='ocrx_word' id='word_1_57' title='bbox 1236 833 1491 917; x_wconf 87' lang='lat' dir='ltr'>eruditi,</span> <span class='ocrx_word' id='word_1_58' title='bbox 1529 832 1803 897; x_wconf 87' lang='lat' dir='ltr'>militiae</span> <span class='ocrx_word' id='word_1_59' title='bbox 1842 831 2359 914; x_wconf 76' lang='lat' dir='ltr'>contubernaleS‚</span> 
     </span>
    </p>

    <p class='ocr_par' dir='ltr' id='par_1_4' title="bbox 205 920 2443 1359">
     <span class='ocr_line' id='line_1_9' title="bbox 205 920 2361 1005; baseline -0.001 -20"><span class='ocrx_word' id='word_1_60' title='bbox 205 972 212 976; x_wconf 89' lang='lat'>.</span> <span class='ocrx_word' id='word_1_61' title='bbox 281 936 290 941; x_wconf 78' lang='lat'><em>‘</em></span> <span class='ocrx_word' id='word_1_62' title='bbox 329 925 484 1004; x_wconf 87' lang='lat' dir='ltr'>post</span> <span class='ocrx_word' id='word_1_63' title='bbox 522 922 782 1001; x_wconf 87' lang='lat' dir='ltr'>adfines,</span> <span class='ocrx_word' id='word_1_64' title='bbox 818 921 888 985; x_wconf 84' lang='lat' dir='ltr'>in</span> <span class='ocrx_word' id='word_1_65' title='bbox 925 921 1103 987; x_wconf 88' lang='lat' dir='ltr'>omni</span> <span class='ocrx_word' id='word_1_66' title='bbox 1141 922 1417 1005; x_wconf 85' lang='lat' dir='ltr'>dem‘que</span> <span class='ocrx_word' id='word_1_67' title='bbox 1454 921 1592 986; x_wconf 85' lang='lat' dir='ltr'>vita</span> <span class='ocrx_word' id='word_1_68' title='bbox 1628 920 2009 1004; x_wconf 88' lang='lat' dir='ltr'>familiares;</span> <span class='ocrx_word' id='word_1_69' title='bbox 2046 939 2361 1004; x_wconf 86' lang='lat' dir='ltr'>magnum</span> 
     </span>
     <span class='ocr_line' id='line_1_10' title="bbox 331 1007 2357 1093; baseline -0.002 -19"><span class='ocrx_word' id='word_1_70' title='bbox 331 1009 530 1074; x_wconf 88' lang='lat' dir='ltr'>etiam</span> <span class='ocrx_word' id='word_1_71' title='bbox 566 1010 914 1093; x_wconf 80' lang='lat' dir='ltr'>vinculum,</span> <span class='ocrx_word' id='word_1_72' title='bbox 962 1009 1133 1092; x_wconf 93' lang='lat' dir='ltr'>quod</span> <span class='ocrx_word' id='word_1_73' title='bbox 1169 1010 1377 1074; x_wconf 91' lang='lat' dir='ltr'>isdem</span> <span class='ocrx_word' id='word_1_74' title='bbox 1415 1009 1647 1074; x_wconf 87' lang='lat' dir='ltr'>studiis</span> <span class='ocrx_word' id='word_1_75' title='bbox 1686 1029 1938 1092; x_wconf 86' lang='lat' dir='ltr'>semper</span> <span class='ocrx_word' id='word_1_76' title='bbox 1971 1007 2075 1072; x_wconf 90' lang='lat' dir='ltr'>usi</span> <span class='ocrx_word' id='word_1_77' title='bbox 2113 1029 2357 1071; x_wconf 90' lang='lat' dir='ltr'>sumus.</span> 
     </span>
     <span class='ocr_line' id='line_1_11' title="bbox 333 1095 2443 1184; baseline -0 -23"><span class='ocrx_word' id='word_1_78' title='bbox 333 1095 481 1162; x_wconf 86' lang='lat' dir='ltr'>Scio</span> <span class='ocrx_word' id='word_1_79' title='bbox 528 1098 735 1184; x_wconf 82' lang='lat' dir='ltr'>igitur</span> <span class='ocrx_word' id='word_1_80' title='bbox 770 1098 1180 1163; x_wconf 87' lang='lat' dir='ltr'>Tuberonem</span> <span class='ocrx_word' id='word_1_81' title='bbox 1225 1098 1402 1163; x_wconf 91' lang='lat' dir='ltr'>domi</span> <span class='ocrx_word' id='word_1_82' title='bbox 1448 1118 1707 1161; x_wconf 90' lang='lat' dir='ltr'>manere</span> <span class='ocrx_word' id='word_1_83' title='bbox 1753 1095 2065 1179; x_wconf 81' lang='lat' dir='ltr'>voluisse3</span> <span class='ocrx_word' id='word_1_84' title='bbox 2111 1095 2227 1159; x_wconf 86' lang='lat' dir='ltr'>sed</span> <span class='ocrx_word' id='word_1_85' title='bbox 2262 1096 2361 1159; x_wconf 91' lang='lat' dir='ltr'>ita</span> <span class='ocrx_word' id='word_1_86' title='bbox 2392 1122 2443 1160; x_wconf 81' lang='grc' dir='ltr'>ιο</span> 
     </span>
     <span class='ocr_line' id='line_1_12' title="bbox 334 1185 2364 1272; baseline -0.001 -22"><span class='ocrx_word' id='word_1_87' title='bbox 334 1187 596 1269; x_wconf 88' lang='lat' dir='ltr'>quidam</span> <span class='ocrx_word' id='word_1_88' title='bbox 644 1188 908 1272; x_wconf 86' lang='lat' dir='ltr'>agebat,</span> <span class='ocrx_word' id='word_1_89' title='bbox 965 1186 1061 1249; x_wconf 88' lang='lat' dir='ltr'>ita</span> <span class='ocrx_word' id='word_1_90' title='bbox 1106 1186 1201 1250; x_wconf 89' lang='lat' dir='ltr'>rei</span> <span class='ocrx_word' id='word_1_91' title='bbox 1246 1185 1545 1269; x_wconf 89' lang='lat' dir='ltr'>publicae</span> <span class='ocrx_word' id='word_1_92' title='bbox 1593 1185 2077 1250; x_wconf 87' lang='lat' dir='ltr'>sanctissimum</span> <span class='ocrx_word' id='word_1_93' title='bbox 2120 1205 2364 1248; x_wconf 89' lang='lat' dir='ltr'>nomen</span> 
     </span>
     <span class='ocr_line' id='line_1_13' title="bbox 335 1273 2365 1359; baseline -0.001 -21"><span class='ocrx_word' id='word_1_94' title='bbox 335 1275 726 1359; x_wconf 85' lang='lat' dir='ltr'>opponebat,</span> <span class='ocrx_word' id='word_1_95' title='bbox 771 1278 862 1358; x_wconf 88' lang='lat' dir='ltr'>ut,</span> <span class='ocrx_word' id='word_1_96' title='bbox 905 1274 1162 1338; x_wconf 86' lang='lat' dir='ltr'>etiamsi</span> <span class='ocrx_word' id='word_1_97' title='bbox 1202 1274 1392 1338; x_wconf 89' lang='lat' dir='ltr'>aliter</span> <span class='ocrx_word' id='word_1_98' title='bbox 1431 1273 1720 1357; x_wconf 82' lang='lat' dir='ltr'>sentiret,</span> <span class='ocrx_word' id='word_1_99' title='bbox 1756 1273 2103 1337; x_wconf 81' lang='lat' dir='ltr'>verborum</span> <span class='ocrx_word' id='word_1_100' title='bbox 2140 1276 2365 1336; x_wconf 88' lang='lat' dir='ltr'>tamen</span> 
     </span>
    </p>

    <p class='ocr_par' dir='ltr' id='par_1_5' title="bbox 243 1359 2443 2240">
     <span class='ocr_line' id='line_1_14' title="bbox 243 1359 2360 1446; baseline -0.001 -20"><span class='ocrx_word' id='word_1_101' title='bbox 243 1378 313 1426; x_wconf 77' lang='lat'>22</span> <span class='ocrx_word' id='word_1_102' title='bbox 334 1363 628 1445; x_wconf 89' lang='lat' dir='ltr'>ipsorum</span> <span class='ocrx_word' id='word_1_103' title='bbox 655 1362 908 1446; x_wconf 90' lang='lat' dir='ltr'>pondus</span> <span class='ocrx_word' id='word_1_104' title='bbox 938 1363 1256 1426; x_wconf 88' lang='lat' dir='ltr'>sustinere</span> <span class='ocrx_word' id='word_1_105' title='bbox 1285 1384 1417 1426; x_wconf 91' lang='lat' dir='ltr'>non</span> <span class='ocrx_word' id='word_1_106' title='bbox 1440 1365 1680 1445; x_wconf 89' lang='lat' dir='ltr'>posset.</span> <span class='ocrx_word' id='word_1_107' title='bbox 1744 1359 1959 1427; x_wconf 83' lang='lat' dir='ltr'>Cessit</span> <span class='ocrx_word' id='word_1_108' title='bbox 1979 1360 2360 1425; x_wconf 80' lang='lat' dir='ltr'>auctoritati</span> 
     </span>
     <span class='ocr_line' id='line_1_15' title="bbox 333 1447 2360 1534; baseline -0 -21"><span class='ocrx_word' id='word_1_109' title='bbox 333 1450 719 1534; x_wconf 84' lang='lat' dir='ltr'>amplissimi</span> <span class='ocrx_word' id='word_1_110' title='bbox 775 1450 896 1514; x_wconf 86' lang='lat' dir='ltr'>viri</span> <span class='ocrx_word' id='word_1_111' title='bbox 951 1451 1053 1514; x_wconf 82' lang='lat' dir='ltr'>vel</span> <span class='ocrx_word' id='word_1_112' title='bbox 1106 1450 1327 1533; x_wconf 87' lang='lat' dir='ltr'>potius</span> <span class='ocrx_word' id='word_1_113' title='bbox 1383 1450 1630 1534; x_wconf 79' lang='lat' dir='ltr'>paruit3</span> <span class='ocrx_word' id='word_1_114' title='bbox 1690 1471 1819 1514; x_wconf 85' lang='lat' dir='ltr'>una</span> <span class='ocrx_word' id='word_1_115' title='bbox 1876 1453 1978 1513; x_wconf 83' lang='lat' dir='ltr'>est</span> <span class='ocrx_word' id='word_1_116' title='bbox 2023 1447 2360 1532; x_wconf 88' lang='lat' dir='ltr'>profectus</span> 
     </span>
     <span class='ocr_line' id='line_1_16' title="bbox 335 1535 2442 1622; baseline -0.001 -20"><span class='ocrx_word' id='word_1_117' title='bbox 335 1560 481 1602; x_wconf 90' lang='lat' dir='ltr'>cum</span> <span class='ocrx_word' id='word_1_118' title='bbox 535 1538 643 1622; x_wconf 87' lang='lat' dir='ltr'>iis,</span> <span class='ocrx_word' id='word_1_119' title='bbox 703 1560 976 1622; x_wconf 88' lang='lat' dir='ltr'>quorum</span> <span class='ocrx_word' id='word_1_120' title='bbox 1032 1542 1173 1602; x_wconf 90' lang='lat' dir='ltr'>erat</span> <span class='ocrx_word' id='word_1_121' title='bbox 1226 1560 1357 1602; x_wconf 86' lang='lat' dir='ltr'>una</span> <span class='ocrx_word' id='word_1_122' title='bbox 1407 1558 1619 1603; x_wconf 89' lang='lat' dir='ltr'>causa.</span> <span class='ocrx_word' id='word_1_123' title='bbox 1709 1537 1981 1602; x_wconf 81' lang='lat' dir='ltr'>Tardius</span> <span class='ocrx_word' id='word_1_124' title='bbox 2028 1538 2156 1601; x_wconf 90' lang='lat' dir='ltr'>iter</span> <span class='ocrx_word' id='word_1_125' title='bbox 2202 1535 2363 1601; x_wconf 84' lang='lat' dir='ltr'>fecit</span> <span class='ocrx_word' id='word_1_126' title='bbox 2394 1561 2442 1601; x_wconf 76' lang='lat'>1⁵</span> 
     </span>
     <span class='ocr_line' id='line_1_17' title="bbox 333 1623 2365 1711; baseline -0 -22"><span class='ocrx_word' id='word_1_127' title='bbox 333 1626 556 1708; x_wconf 84' lang='lat' dir='ltr'>itaque</span> <span class='ocrx_word' id='word_1_128' title='bbox 594 1626 664 1689; x_wconf 89' lang='lat' dir='ltr'>in</span> <span class='ocrx_word' id='word_1_129' title='bbox 689 1625 983 1691; x_wconf 89' lang='lat' dir='ltr'>Africam</span> <span class='ocrx_word' id='word_1_130' title='bbox 1020 1626 1198 1690; x_wconf 85' lang='lat' dir='ltr'>venit</span> <span class='ocrx_word' id='word_1_131' title='bbox 1234 1627 1367 1690; x_wconf 91' lang='lat' dir='ltr'>iam</span> <span class='ocrx_word' id='word_1_132' title='bbox 1401 1629 1799 1711; x_wconf 83' lang='lat' dir='ltr'>occupatam.</span> <span class='ocrx_word' id='word_1_133' title='bbox 1872 1624 2045 1689; x_wconf 85' lang='lat' dir='ltr'>Hinc</span> <span class='ocrx_word' id='word_1_134' title='bbox 2072 1625 2144 1688; x_wconf 91' lang='lat' dir='ltr'>in</span> <span class='ocrx_word' id='word_1_135' title='bbox 2168 1623 2365 1710; x_wconf 85' lang='lat' dir='ltr'>Liga-</span> 
     </span>
     <span class='ocr_line' id='line_1_18' title="bbox 334 1712 2360 1798; baseline 0 -22"><span class='ocrx_word' id='word_1_136' title='bbox 334 1714 504 1777; x_wconf 86' lang='lat' dir='ltr'>rium</span> <span class='ocrx_word' id='word_1_137' title='bbox 561 1714 805 1778; x_wconf 88' lang='lat' dir='ltr'>crimen</span> <span class='ocrx_word' id='word_1_138' title='bbox 861 1715 1067 1779; x_wconf 90' lang='lat' dir='ltr'>oritur</span> <span class='ocrx_word' id='word_1_139' title='bbox 1119 1714 1221 1778; x_wconf 81' lang='lat' dir='ltr'>vel</span> <span class='ocrx_word' id='word_1_140' title='bbox 1277 1714 1377 1778; x_wconf 89' lang='lat' dir='ltr'>ira</span> <span class='ocrx_word' id='word_1_141' title='bbox 1425 1715 1663 1798; x_wconf 89' lang='lat' dir='ltr'>potius.</span> <span class='ocrx_word' id='word_1_142' title='bbox 1754 1712 1954 1797; x_wconf 87' lang='lat' dir='ltr'>Nam,</span> <span class='ocrx_word' id='word_1_143' title='bbox 2010 1713 2069 1776; x_wconf 87' lang='lat' dir='ltr'>si</span> <span class='ocrx_word' id='word_1_144' title='bbox 2114 1713 2360 1778; x_wconf 85' lang='lat' dir='ltr'>crimen</span> 
     </span>
     <span class='ocr_line' id='line_1_19' title="bbox 339 1802 2364 1887; baseline 0 -22"><span class='ocrx_word' id='word_1_145' title='bbox 339 1805 437 1866; x_wconf 90' lang='lat' dir='ltr'>est</span> <span class='ocrx_word' id='word_1_146' title='bbox 513 1802 752 1882; x_wconf 91' lang='lat' dir='ltr'>[illum]</span> <span class='ocrx_word' id='word_1_147' title='bbox 827 1803 1138 1887; x_wconf 82' lang='lat' dir='ltr'>voluisse,</span> <span class='ocrx_word' id='word_1_148' title='bbox 1209 1824 1344 1866; x_wconf 92' lang='lat' dir='ltr'>non</span> <span class='ocrx_word' id='word_1_149' title='bbox 1416 1803 1631 1866; x_wconf 87' lang='lat' dir='ltr'>minus</span> <span class='ocrx_word' id='word_1_150' title='bbox 1704 1822 2013 1886; x_wconf 84' lang='lat' dir='ltr'>magnum</span> <span class='ocrx_word' id='word_1_151' title='bbox 2078 1805 2180 1865; x_wconf 88' lang='lat' dir='ltr'>est</span> <span class='ocrx_word' id='word_1_152' title='bbox 2244 1823 2364 1866; x_wconf 82' lang='lat' dir='ltr'>vos</span> 
     </span>
     <span class='ocr_line' id='line_1_20' title="bbox 333 1889 2365 1975; baseline 0 -21"><span class='ocrx_word' id='word_1_153' title='bbox 333 1889 645 1974; x_wconf 87' lang='lat' dir='ltr'>Africam,</span> <span class='ocrx_word' id='word_1_154' title='bbox 683 1913 899 1956; x_wconf 89' lang='lat' dir='ltr'>arcem</span> <span class='ocrx_word' id='word_1_155' title='bbox 927 1890 1217 1957; x_wconf 90' lang='lat' dir='ltr'>omnium</span> <span class='ocrx_word' id='word_1_156' title='bbox 1243 1890 1725 1975; x_wconf 86' lang='lat' dir='ltr'>provinciarum</span> <span class='ocrx_word' id='word_1_157' title='bbox 1750 1893 1975 1955; x_wconf 89' lang='lat' dir='ltr'>natam</span> <span class='ocrx_word' id='word_1_158' title='bbox 2002 1889 2085 1955; x_wconf 89' lang='lat' dir='ltr'>ad</span> <span class='ocrx_word' id='word_1_159' title='bbox 2113 1889 2365 1955; x_wconf 90' lang='lat' dir='ltr'>bellum</span> 
     </span>
     <span class='ocr_line' id='line_1_21' title="bbox 335 1979 2443 2065; baseline -0 -21"><span class='ocrx_word' id='word_1_160' title='bbox 335 1983 563 2044; x_wconf 89' lang='lat' dir='ltr'>contra</span> <span class='ocrx_word' id='word_1_161' title='bbox 606 1980 774 2045; x_wconf 89' lang='lat' dir='ltr'>hanc</span> <span class='ocrx_word' id='word_1_162' title='bbox 819 1981 1046 2044; x_wconf 91' lang='lat' dir='ltr'>urbem</span> <span class='ocrx_word' id='word_1_163' title='bbox 1084 1980 1463 2065; x_wconf 82' lang='lat' dir='ltr'>gerundum,</span> <span class='ocrx_word' id='word_1_164' title='bbox 1510 1980 1803 2063; x_wconf 88' lang='lat' dir='ltr'>optinere</span> <span class='ocrx_word' id='word_1_165' title='bbox 1842 1979 2125 2044; x_wconf 86' lang='lat' dir='ltr'>voluisse</span> <span class='ocrx_word' id='word_1_166' title='bbox 2164 2000 2365 2062; x_wconf 91' lang='lat' dir='ltr'>quam</span> <span class='ocrx_word' id='word_1_167' title='bbox 2392 2004 2443 2043; x_wconf 63' lang='grc' dir='ltr'>πο</span> 
     </span>
     <span class='ocr_line' id='line_1_22' title="bbox 337 2065 2366 2152; baseline 0 -21"><span class='ocrx_word' id='word_1_168' title='bbox 337 2068 618 2151; x_wconf 86' lang='lat' dir='ltr'>aliquem</span> <span class='ocrx_word' id='word_1_169' title='bbox 658 2090 724 2133; x_wconf 91' lang='lat' dir='ltr'>se</span> <span class='ocrx_word' id='word_1_170' title='bbox 762 2067 1088 2132; x_wconf 89' lang='lat' dir='ltr'>maluisse.</span> <span class='ocrx_word' id='word_1_171' title='bbox 1169 2067 1389 2151; x_wconf 88' lang='lat' dir='ltr'>Atque</span> <span class='ocrx_word' id='word_1_172' title='bbox 1428 2068 1484 2131; x_wconf 93' lang='lat' dir='ltr'>is</span> <span class='ocrx_word' id='word_1_173' title='bbox 1524 2071 1743 2133; x_wconf 89' lang='lat' dir='ltr'>tamen</span> <span class='ocrx_word' id='word_1_174' title='bbox 1780 2067 2017 2151; x_wconf 88' lang='lat' dir='ltr'>aliquis</span> <span class='ocrx_word' id='word_1_175' title='bbox 2054 2065 2366 2152; x_wconf 83' lang='lat' dir='ltr'>Ligarius</span> 
     </span>
     <span class='ocr_line' id='line_1_23' title="bbox 334 2154 2366 2240; baseline 0.001 -22"><span class='ocrx_word' id='word_1_176' title='bbox 334 2177 468 2219; x_wconf 91' lang='lat' dir='ltr'>non</span> <span class='ocrx_word' id='word_1_177' title='bbox 521 2155 675 2240; x_wconf 85' lang='lat' dir='ltr'>fuit3</span> <span class='ocrx_word' id='word_1_178' title='bbox 738 2155 954 2220; x_wconf 86' lang='lat' dir='ltr'>Varus</span> <span class='ocrx_word' id='word_1_179' title='bbox 1014 2155 1363 2239; x_wconf 90' lang='lat' dir='ltr'>imperium</span> <span class='ocrx_word' id='word_1_180' title='bbox 1410 2177 1477 2221; x_wconf 88' lang='lat' dir='ltr'>se</span> <span class='ocrx_word' id='word_1_181' title='bbox 1522 2156 1762 2220; x_wconf 89' lang='lat' dir='ltr'>habere</span> <span class='ocrx_word' id='word_1_182' title='bbox 1810 2155 2093 2239; x_wconf 89' lang='lat' dir='ltr'>dicebat,</span> <span class='ocrx_word' id='word_1_183' title='bbox 2151 2154 2366 2220; x_wconf 86' lang='lat' dir='ltr'>fasces</span> 
     </span>
    </p>

    <p class='ocr_par' dir='ltr' id='par_1_6' title="bbox 249 2242 2444 2504">
     <span class='ocr_line' id='line_1_24' title="bbox 249 2242 2369 2327; baseline 0.002 -22"><span class='ocrx_word' id='word_1_184' title='bbox 249 2258 318 2305; x_wconf 82' lang='lat'>23</span> <span class='ocrx_word' id='word_1_185' title='bbox 342 2246 514 2307; x_wconf 90' lang='lat' dir='ltr'>certe</span> <span class='ocrx_word' id='word_1_186' title='bbox 561 2243 864 2308; x_wconf 88' lang='lat' dir='ltr'>habebat.</span> <span class='ocrx_word' id='word_1_187' title='bbox 950 2242 1074 2308; x_wconf 85' lang='lat' dir='ltr'>Sed</span> <span class='ocrx_word' id='word_1_188' title='bbox 1113 2265 1374 2327; x_wconf 90' lang='lat' dir='ltr'>quoquo</span> <span class='ocrx_word' id='word_1_189' title='bbox 1413 2244 1603 2308; x_wconf 89' lang='lat' dir='ltr'>modo</span> <span class='ocrx_word' id='word_1_190' title='bbox 1642 2266 1710 2309; x_wconf 90' lang='lat' dir='ltr'>se</span> <span class='ocrx_word' id='word_1_191' title='bbox 1747 2243 1910 2308; x_wconf 89' lang='lat' dir='ltr'>illud</span> <span class='ocrx_word' id='word_1_192' title='bbox 1946 2244 2164 2326; x_wconf 85' lang='lat' dir='ltr'>habet,</span> <span class='ocrx_word' id='word_1_193' title='bbox 2200 2243 2369 2309; x_wconf 90' lang='lat' dir='ltr'>haec</span> 
     </span>
     <span class='ocr_line' id='line_1_25' title="bbox 338 2330 2369 2416; baseline 0.001 -23"><span class='ocrx_word' id='word_1_194' title='bbox 338 2330 625 2412; x_wconf 87' lang='lat' dir='ltr'>querella</span> <span class='ocrx_word' id='word_1_195' title='bbox 655 2331 964 2412; x_wconf 88' lang='lat' dir='ltr'>[Tubero]</span> <span class='ocrx_word' id='word_1_196' title='bbox 1005 2335 1222 2396; x_wconf 88' lang='lat' dir='ltr'>vestra</span> <span class='ocrx_word' id='word_1_197' title='bbox 1259 2332 1414 2416; x_wconf 90' lang='lat' dir='ltr'>quid</span> <span class='ocrx_word' id='word_1_198' title='bbox 1441 2332 1640 2396; x_wconf 81' lang='lat' dir='ltr'>valet:</span> <span class='ocrx_word' id='word_1_199' title='bbox 1681 2330 1975 2415; x_wconf 78' lang='lat' dir='ltr'>‘Recepti</span> <span class='ocrx_word' id='word_1_200' title='bbox 2007 2332 2078 2395; x_wconf 90' lang='lat' dir='ltr'>in</span> <span class='ocrx_word' id='word_1_201' title='bbox 2102 2331 2369 2415; x_wconf 80' lang='lat' dir='ltr'>provin-</span> 
     </span>
     <span class='ocr_line' id='line_1_26' title="bbox 339 2418 2444 2504; baseline 0.001 -22"><span class='ocrx_word' id='word_1_202' title='bbox 339 2418 504 2482; x_wconf 89' lang='lat' dir='ltr'>ciam</span> <span class='ocrx_word' id='word_1_203' title='bbox 549 2441 681 2484; x_wconf 91' lang='lat' dir='ltr'>non</span> <span class='ocrx_word' id='word_1_204' title='bbox 726 2418 1008 2484; x_wconf 77' lang='lat' dir='ltr'>sumus’?</span> <span class='ocrx_word' id='word_1_205' title='bbox 1101 2419 1297 2504; x_wconf 84' lang='lat' dir='ltr'>Quid,</span> <span class='ocrx_word' id='word_1_206' title='bbox 1351 2421 1407 2484; x_wconf 91' lang='lat' dir='ltr'>si</span> <span class='ocrx_word' id='word_1_207' title='bbox 1454 2420 1728 2485; x_wconf 76' lang='lat' dir='ltr'>essetis?</span> <span class='ocrx_word' id='word_1_208' title='bbox 1821 2418 2166 2485; x_wconf 83' lang='lat' dir='ltr'>Caesarine</span> <span class='ocrx_word' id='word_1_209' title='bbox 2215 2441 2367 2485; x_wconf 91' lang='lat' dir='ltr'>eam</span> <span class='ocrx_word' id='word_1_210' title='bbox 2396 2443 2444 2484; x_wconf 69' lang='grc' dir='ltr'>π</span> 
     </span>
    </p>

    <p class='ocr_par' dir='ltr' id='par_1_7' title="bbox 277 2502 2445 3122">
     <span class='ocr_line' id='line_1_27' title="bbox 277 2502 2371 2592; baseline 0.003 -26"><span class='ocrx_word' id='word_1_211' title='bbox 277 2502 315 2565; x_wconf 90' lang='grc'>8</span> <span class='ocrx_word' id='word_1_212' title='bbox 337 2506 642 2571; x_wconf 88' lang='lat' dir='ltr'>tradituri</span> <span class='ocrx_word' id='word_1_213' title='bbox 685 2507 906 2573; x_wconf 83' lang='lat' dir='ltr'>fuistis</span> <span class='ocrx_word' id='word_1_214' title='bbox 953 2530 1036 2571; x_wconf 86' lang='lat' dir='ltr'>an</span> <span class='ocrx_word' id='word_1_215' title='bbox 1082 2512 1311 2572; x_wconf 84' lang='lat' dir='ltr'>contra</span> <span class='ocrx_word' id='word_1_216' title='bbox 1357 2506 1699 2573; x_wconf 83' lang='lat' dir='ltr'>Caesarem</span> <span class='ocrx_word' id='word_1_217' title='bbox 1739 2507 2100 2572; x_wconf 79' lang='lat' dir='ltr'>retenturi?</span> <span class='ocrx_word' id='word_1_218' title='bbox 2173 2505 2371 2592; x_wconf 90' lang='lat' dir='ltr'>Vide,</span> 
     </span>
     <span class='ocr_line' id='line_1_28' title="bbox 339 2594 2368 2679; baseline 0.001 -21"><span class='ocrx_word' id='word_1_219' title='bbox 339 2595 493 2677; x_wconf 91' lang='lat' dir='ltr'>quid</span> <span class='ocrx_word' id='word_1_220' title='bbox 553 2596 879 2679; x_wconf 89' lang='lat' dir='ltr'>licentiae,</span> <span class='ocrx_word' id='word_1_221' title='bbox 944 2594 1207 2679; x_wconf 82' lang='lat' dir='ltr'>Caesar,</span> <span class='ocrx_word' id='word_1_222' title='bbox 1263 2596 1454 2661; x_wconf 71' lang='lat' dir='ltr'>nobis</span> <span class='ocrx_word' id='word_1_223' title='bbox 1510 2600 1626 2659; x_wconf 88' lang='lat' dir='ltr'>tua</span> <span class='ocrx_word' id='word_1_224' title='bbox 1679 2596 2037 2660; x_wconf 85' lang='lat' dir='ltr'>liberalitas</span> <span class='ocrx_word' id='word_1_225' title='bbox 2092 2595 2204 2659; x_wconf 88' lang='lat' dir='ltr'>det</span> <span class='ocrx_word' id='word_1_226' title='bbox 2259 2597 2368 2661; x_wconf 86' lang='lat' dir='ltr'>vel</span> 
     </span>
     <span class='ocr_line' id='line_1_29' title="bbox 337 2682 2366 2767; baseline 0.001 -20"><span class='ocrx_word' id='word_1_227' title='bbox 337 2683 556 2767; x_wconf 89' lang='lat' dir='ltr'>potius</span> <span class='ocrx_word' id='word_1_228' title='bbox 605 2685 926 2748; x_wconf 87' lang='lat' dir='ltr'>audaciae.</span> <span class='ocrx_word' id='word_1_229' title='bbox 1021 2682 1092 2749; x_wconf 85' lang='lat' dir='ltr'>Si</span> <span class='ocrx_word' id='word_1_230' title='bbox 1138 2684 1545 2766; x_wconf 90' lang='lat' dir='ltr'>responderit</span> <span class='ocrx_word' id='word_1_231' title='bbox 1586 2684 1842 2749; x_wconf 89' lang='lat' dir='ltr'>Tubero</span> <span class='ocrx_word' id='word_1_232' title='bbox 1880 2683 2191 2767; x_wconf 84' lang='lat' dir='ltr'>Africam,</span> <span class='ocrx_word' id='word_1_233' title='bbox 2232 2705 2366 2767; x_wconf 89' lang='lat' dir='ltr'>quo</span> 
     </span>
     <span class='ocr_line' id='line_1_30' title="bbox 337 2772 2367 2857; baseline 0 -21"><span class='ocrx_word' id='word_1_234' title='bbox 337 2776 600 2837; x_wconf 87' lang='lat' dir='ltr'>senatus</span> <span class='ocrx_word' id='word_1_235' title='bbox 650 2795 798 2836; x_wconf 91' lang='lat' dir='ltr'>eum</span> <span class='ocrx_word' id='word_1_236' title='bbox 843 2794 1110 2855; x_wconf 87' lang='lat' dir='ltr'>sorsque</span> <span class='ocrx_word' id='word_1_237' title='bbox 1149 2772 1436 2857; x_wconf 87' lang='lat' dir='ltr'>miserat,</span> <span class='ocrx_word' id='word_1_238' title='bbox 1482 2772 1607 2835; x_wconf 89' lang='lat' dir='ltr'>tibi</span> <span class='ocrx_word' id='word_1_239' title='bbox 1642 2776 1897 2856; x_wconf 89' lang='lat' dir='ltr'>patrem</span> <span class='ocrx_word' id='word_1_240' title='bbox 1936 2794 2126 2837; x_wconf 88' lang='lat' dir='ltr'>suum</span> <span class='ocrx_word' id='word_1_241' title='bbox 2163 2772 2367 2837; x_wconf 88' lang='lat' dir='ltr'>tradi-</span> 
     </span>
     <span class='ocr_line' id='line_1_31' title="bbox 337 2860 2445 2945; baseline 0.001 -22"><span class='ocrx_word' id='word_1_242' title='bbox 337 2864 556 2926; x_wconf 89' lang='lat' dir='ltr'>turum</span> <span class='ocrx_word' id='word_1_243' title='bbox 611 2860 839 2943; x_wconf 86' lang='lat' dir='ltr'>fuisse,</span> <span class='ocrx_word' id='word_1_244' title='bbox 892 2881 1025 2924; x_wconf 92' lang='lat' dir='ltr'>non</span> <span class='ocrx_word' id='word_1_245' title='bbox 1079 2860 1391 2924; x_wconf 87' lang='lat' dir='ltr'>dubitabo</span> <span class='ocrx_word' id='word_1_246' title='bbox 1439 2861 1607 2944; x_wconf 91' lang='lat' dir='ltr'>apud</span> <span class='ocrx_word' id='word_1_247' title='bbox 1654 2861 1868 2945; x_wconf 88' lang='lat' dir='ltr'>ipsum</span> <span class='ocrx_word' id='word_1_248' title='bbox 1916 2864 2010 2945; x_wconf 89' lang='lat' dir='ltr'>te,</span> <span class='ocrx_word' id='word_1_249' title='bbox 2065 2860 2249 2925; x_wconf 90' lang='lat' dir='ltr'>cuius</span> <span class='ocrx_word' id='word_1_250' title='bbox 2294 2861 2366 2925; x_wconf 91' lang='lat' dir='ltr'>id</span> <span class='ocrx_word' id='word_1_251' title='bbox 2394 2886 2445 2925; x_wconf 69' lang='grc' dir='ltr'><strong>ω</strong></span> 
     </span>
     <span class='ocr_line' id='line_1_32' title="bbox 337 2948 2366 3033; baseline 0.001 -21"><span class='ocrx_word' id='word_1_252' title='bbox 337 2970 484 3012; x_wconf 91' lang='lat' dir='ltr'>eum</span> <span class='ocrx_word' id='word_1_253' title='bbox 532 2949 740 3014; x_wconf 88' lang='lat' dir='ltr'>facere</span> <span class='ocrx_word' id='word_1_254' title='bbox 778 2948 1095 3031; x_wconf 84' lang='lat' dir='ltr'>interfuit,</span> <span class='ocrx_word' id='word_1_255' title='bbox 1140 2949 1546 3033; x_wconf 86' lang='lat' dir='ltr'>gravissimis</span> <span class='ocrx_word' id='word_1_256' title='bbox 1583 2949 1799 3013; x_wconf 81' lang='lat' dir='ltr'>verbis</span> <span class='ocrx_word' id='word_1_257' title='bbox 1838 2949 1975 3013; x_wconf 88' lang='lat' dir='ltr'>eius</span> <span class='ocrx_word' id='word_1_258' title='bbox 2014 2948 2366 3013; x_wconf 91' lang='lat' dir='ltr'>consilium</span> 
     </span>
     <span class='ocr_line' id='line_1_33' title="bbox 336 3034 2366 3122; baseline 0.001 -23"><span class='ocrx_word' id='word_1_259' title='bbox 336 3036 818 3119; x_wconf 90' lang='lat' dir='ltr'>reprehendere.</span> <span class='ocrx_word' id='word_1_260' title='bbox 909 3035 1062 3101; x_wconf 92' lang='lat' dir='ltr'>Non</span> <span class='ocrx_word' id='word_1_261' title='bbox 1109 3038 1299 3120; x_wconf 91' lang='lat' dir='ltr'>enim,</span> <span class='ocrx_word' id='word_1_262' title='bbox 1347 3037 1403 3101; x_wconf 91' lang='lat' dir='ltr'>si</span> <span class='ocrx_word' id='word_1_263' title='bbox 1449 3037 1575 3100; x_wconf 92' lang='lat' dir='ltr'>tibi</span> <span class='ocrx_word' id='word_1_264' title='bbox 1620 3059 1695 3101; x_wconf 90' lang='lat' dir='ltr'>ea</span> <span class='ocrx_word' id='word_1_265' title='bbox 1740 3059 1843 3101; x_wconf 88' lang='lat' dir='ltr'>res</span> <span class='ocrx_word' id='word_1_266' title='bbox 1882 3040 2074 3122; x_wconf 85' lang='lat' dir='ltr'>grata</span> <span class='ocrx_word' id='word_1_267' title='bbox 2107 3034 2366 3122; x_wconf 78' lang='lat' dir='ltr'>fuisset,</span> 
     </span>
    </p>

    <p class='ocr_par' dir='ltr' id='par_1_8' title="bbox 249 3123 2437 3557">
     <span class='ocr_line' id='line_1_34' title="bbox 249 3123 2365 3208; baseline 0.003 -25"><span class='ocrx_word' id='word_1_268' title='bbox 249 3136 318 3184; x_wconf 79' lang='lat'>24</span> <span class='ocrx_word' id='word_1_269' title='bbox 337 3129 508 3189; x_wconf 82' lang='lat' dir='ltr'>esset</span> <span class='ocrx_word' id='word_1_270' title='bbox 555 3125 754 3190; x_wconf 88' lang='lat' dir='ltr'>etiam</span> <span class='ocrx_word' id='word_1_271' title='bbox 799 3125 1092 3208; x_wconf 88' lang='lat' dir='ltr'>probata.</span> <span class='ocrx_word' id='word_1_272' title='bbox 1177 3123 1303 3189; x_wconf 85' lang='lat' dir='ltr'>Sed</span> <span class='ocrx_word' id='word_1_273' title='bbox 1348 3125 1480 3189; x_wconf 89' lang='lat' dir='ltr'>iam</span> <span class='ocrx_word' id='word_1_274' title='bbox 1519 3126 1645 3190; x_wconf 90' lang='lat' dir='ltr'>hoc</span> <span class='ocrx_word' id='word_1_275' title='bbox 1681 3129 1899 3190; x_wconf 86' lang='lat' dir='ltr'>totum</span> <span class='ocrx_word' id='word_1_276' title='bbox 1936 3124 2192 3207; x_wconf 82' lang='lat' dir='ltr'>omitte,</span> <span class='ocrx_word' id='word_1_277' title='bbox 2228 3147 2365 3190; x_wconf 91' lang='lat' dir='ltr'>non</span> 
     </span>
     <span class='ocr_line' id='line_1_35' title="bbox 337 3213 2363 3297; baseline 0.001 -22"><span class='ocrx_word' id='word_1_278' title='bbox 337 3217 475 3275; x_wconf 89' lang='lat' dir='ltr'>tam</span> <span class='ocrx_word' id='word_1_279' title='bbox 529 3234 610 3277; x_wconf 93' lang='lat' dir='ltr'>ne</span> <span class='ocrx_word' id='word_1_280' title='bbox 658 3213 977 3277; x_wconf 86' lang='lat' dir='ltr'>offendam</span> <span class='ocrx_word' id='word_1_281' title='bbox 1023 3217 1169 3277; x_wconf 87' lang='lat' dir='ltr'>tuas</span> <span class='ocrx_word' id='word_1_282' title='bbox 1215 3213 1727 3297; x_wconf 84' lang='lat' dir='ltr'>patientissimas</span> <span class='ocrx_word' id='word_1_283' title='bbox 1776 3234 1988 3297; x_wconf 89' lang='lat' dir='ltr'>aures,</span> <span class='ocrx_word' id='word_1_284' title='bbox 2037 3234 2235 3296; x_wconf 88' lang='lat' dir='ltr'>quam</span> <span class='ocrx_word' id='word_1_285' title='bbox 2280 3235 2363 3278; x_wconf 91' lang='lat' dir='ltr'>ne</span> 
     </span>
     <span class='ocr_line' id='line_1_36' title="bbox 337 3299 2437 3387; baseline 0.002 -26"><span class='ocrx_word' id='word_1_286' title='bbox 337 3299 593 3364; x_wconf 92' lang='lat' dir='ltr'>Tubero</span> <span class='ocrx_word' id='word_1_287' title='bbox 603 3350 620 3383; x_wconf 89' lang='lat'><em>‚</em></span> <span class='ocrx_word' id='word_1_288' title='bbox 704 3301 875 3383; x_wconf 89' lang='lat' dir='ltr'>quod</span> <span class='ocrx_word' id='word_1_289' title='bbox 945 3322 1301 3383; x_wconf 83' lang='lat' dir='ltr'>numquam</span> <span class='ocrx_word' id='word_1_290' title='bbox 1374 3302 1714 3387; x_wconf 83' lang='lat' dir='ltr'>cogitavit,</span> <span class='ocrx_word' id='word_1_291' title='bbox 1791 3301 2083 3366; x_wconf 85' lang='lat' dir='ltr'>facturus</span> <span class='ocrx_word' id='word_1_292' title='bbox 2156 3300 2360 3366; x_wconf 87' lang='lat' dir='ltr'>fuisse</span> <span class='ocrx_word' id='word_1_293' title='bbox 2388 3324 2437 3365; x_wconf 71' lang='lat'>3⁵</span> 
     </span>
     <span class='ocr_line' id='line_1_37' title="bbox 337 3386 2362 3473; baseline 0.003 -25"><span class='ocrx_word' id='word_1_294' title='bbox 337 3387 647 3450; x_wconf 83' lang='lat' dir='ltr'>videatur.</span> <span class='ocrx_word' id='word_1_295' title='bbox 748 3386 1127 3452; x_wconf 85' lang='lat' dir='ltr'>Veniebatis</span> <span class='ocrx_word' id='word_1_296' title='bbox 1193 3389 1398 3471; x_wconf 83' lang='lat' dir='ltr'>igitur</span> <span class='ocrx_word' id='word_1_297' title='bbox 1452 3390 1521 3452; x_wconf 87' lang='lat' dir='ltr'>in</span> <span class='ocrx_word' id='word_1_298' title='bbox 1578 3388 1894 3473; x_wconf 87' lang='lat' dir='ltr'>Africam,</span> <span class='ocrx_word' id='word_1_299' title='bbox 1955 3389 2362 3473; x_wconf 85' lang='lat' dir='ltr'>provinciam</span> 
     </span>
     <span class='ocr_line' id='line_1_38' title="bbox 341 3475 2358 3557; baseline 0.003 -22"><span class='ocrx_word' id='word_1_300' title='bbox 341 3493 532 3536; x_wconf 89' lang='lat' dir='ltr'>unam</span> <span class='ocrx_word' id='word_1_301' title='bbox 579 3495 656 3537; x_wconf 84' lang='lat' dir='ltr'>ex</span> <span class='ocrx_word' id='word_1_302' title='bbox 705 3475 1002 3538; x_wconf 86' lang='lat' dir='ltr'>omnibus</span> <span class='ocrx_word' id='word_1_303' title='bbox 1047 3475 1200 3540; x_wconf 90' lang='lat' dir='ltr'>huic</span> <span class='ocrx_word' id='word_1_304' title='bbox 1245 3476 1557 3541; x_wconf 84' lang='lat' dir='ltr'>victoriae</span> <span class='ocrx_word' id='word_1_305' title='bbox 1603 3478 1879 3542; x_wconf 85' lang='lat' dir='ltr'>maxime</span> <span class='ocrx_word' id='word_1_306' title='bbox 1916 3478 2244 3557; x_wconf 88' lang='lat' dir='ltr'>infestam,</span> <span class='ocrx_word' id='word_1_307' title='bbox 2290 3478 2358 3541; x_wconf 87' lang='lat' dir='ltr'>in</span> 
     </span>
    </p>
   </div>
  </div>
 </body>
</html>
