2550 3875
852 205 1004 263 CAP.
1043 213 1182 260 2-4
1219 213 1248 273 ς
1287 214 1476 263 5—11.
2049 211 2179 274 347

151 387 352 449 quam
407 365 478 430 in
531 367 873 450 promissis
931 371 998 430 et
1050 367 1174 432 fide
1231 369 1603 433 firmiorem.
1694 369 1793 433 Tu
1848 369 2024 434 illius
2072 373 2179 436 do-

149 473 334 519 mum
389 452 582 538 inire,
637 458 712 519 tu
761 458 948 518 vetus
994 455 1357 538 hospitium
1402 477 1711 520 renovare
1757 457 2054 541 voluisti3
2111 464 2177 522 te

150 543 292 606 eius
349 541 414 604 di
468 546 737 626 penates
795 547 1207 627 acceperunt,
1263 548 1330 607 te
1386 544 1667 610 amicum
1724 548 1792 608 et
1844 546 2178 629 placatum

154 629 510 729 [Deiotari]
576 630 751 716 regis
817 652 962 694 arae
1028 630 1284 714 focique
1348 631 1664 696 viderunt.
1764 630 1930 698 Cum
1985 633 2175 698 facile
2198 649 2230 696 9

95 733 122 774 ⁶
151 717 356 800 orari,
413 715 677 802 Caesar,
730 722 873 782 tum
928 719 1126 783 semel
1183 719 1434 784 exorari
1493 720 1683 785 soles.
1772 719 1984 785 Nemo
2040 744 2176 786 um-

152 826 352 888 quam
406 809 474 868 te
527 807 813 889 placavit
869 807 1196 890 inimicus,
1252 807 1364 890 qui
1419 807 1587 872 ullas
1634 808 1947 874 resedisse
1992 809 2063 873 in
2107 814 2173 874 te

152 892 514 957 simultatis
588 893 896 977 reliquias
971 894 1262 959 senserit.
1375 895 1783 978 Quamquam
1853 896 1957 961 cui
2021 902 2174 962 sunt

150 980 484 1045 inauditae
551 1002 698 1045 cum
751 981 1065 1047 Deiotaro
1123 983 1446 1066 querellae
1501 983 1697 1047 tuae?
1797 983 2173 1067 Numquam
2290 989 2297 996 '

152 1072 228 1132 tu
273 1068 463 1132 illum
511 1069 898 1134 accusavisti
943 1074 1018 1133 ut
1052 1070 1329 1154 hostem,
1378 1071 1489 1135 sed
1525 1074 1601 1134 ut
1638 1071 1919 1136 amicum
1956 1072 2171 1137 officio

69 1174 124 1213 ιο
152 1178 389 1240 parum
433 1156 749 1241 functum,
796 1159 969 1240 quod
1013 1159 1397 1242 propensior
1440 1159 1509 1222 in
1551 1156 1665 1223 Cn.
1702 1158 1974 1242 Pompei
2020 1161 2176 1223 ami-

151 1244 378 1308 citiam
451 1243 687 1309 fuisset
759 1267 956 1328 quam
1019 1245 1088 1308 in
1153 1250 1364 1329 tuam3
1438 1246 1540 1310 cui
1606 1250 1826 1310 tamen
1888 1247 2016 1329 ipsi
2080 1247 2177 1312 rei

150 1332 411 1397 veniam
447 1336 513 1396 te
551 1332 850 1398 daturum
888 1333 1087 1397 fuisse
1125 1333 1404 1416 dicebas,
1442 1334 1499 1397 si
1536 1338 1679 1398 tum
1717 1334 1958 1398 auxilia
1987 1333 2177 1398 Pom-

149 1420 298 1503 peio
345 1421 448 1484 vel
496 1421 552 1484 si
598 1421 798 1484 etiam
844 1422 1055 1485 filium
1094 1421 1401 1505 misisset,
1447 1421 1586 1521 ipse
1635 1422 1870 1486 aetatis
1918 1443 2174 1487 excusa-

153 1508 333 1572 tione
387 1529 544 1572 usus
601 1513 792 1574 esset.
883 1508 990 1572 Ita
1044 1531 1191 1573 cum
1236 1509 1538 1573 maximis
1587 1531 1734 1574 eum
1780 1509 1972 1574 rebus
2019 1509 2177 1574 libe·
2198 1533 2263 1580 10

70 1613 122 1654 ιο
152 1617 350 1680 rares,
386 1616 770 1680 perparvam
809 1596 1132 1661 amicitiae
1163 1590 1420 1679 culpam
1448 1597 1875 1680 relinquebas.
1931 1596 2278 1680 Itaque(10)

149 1705 286 1748 non
331 1684 544 1748 solum
589 1684 660 1748 in
695 1706 842 1748 eum
879 1706 1013 1749 non
1051 1684 1587 1762 animadvertisti,
1634 1685 1745 1749 sed
1784 1685 1960 1749 omni
1996 1689 2175 1749 metu

149 1771 536 1855 liberavisti,
562 1772 890 1855 hospitem
920 1771 1266 1857 agnovisti,
1296 1791 1516 1856 regem
1544 1772 1887 1855 reliquisti.
1944 1772 2171 1856 Neque

153 1859 328 1924 enim
399 1859 510 1922 ille
569 1859 716 1924 odio
773 1860 874 1924 tui
922 1879 1309 1945 progressus
1367 1863 1493 1944 est,
1563 1860 1675 1923 sed
1731 1881 1947 1924 errore
2005 1881 2174 1924 com-

153 1947 336 2013 muni
390 1948 613 2032 lapsus
670 1952 786 2013 est.
877 1948 944 2012 Is
1000 1970 1141 2032 rex,
1197 1970 1391 2031 quem
1429 1951 1693 2012 senatus
1739 1948 1865 2012 hoc
1909 1948 2175 2013 nomine

72 2056 126 2095 so
157 2058 349 2120 saepe
383 2035 1060 2101 honorificentissimis
1098 2036 1376 2101 decretis
1414 2036 1891 2119 appellavisset,
1935 2036 2174 2119 quique

152 2124 341 2189 illum
390 2124 681 2188 ordinem
729 2125 809 2188 ab
859 2124 1298 2189 adulescentia
1344 2124 1805 2208 gravissimum
1844 2123 2173 2188 sanctissi-

151 2233 463 2295 mumque
509 2212 817 2296 duxisset,
865 2212 1072 2276 isdem
1117 2213 1311 2276 rebus
1359 2215 1459 2275 est
1502 2213 1926 2295 perturbatus
1972 2211 2170 2275 homo

151 2300 551 2385 longinquus
616 2303 685 2364 et
749 2300 1140 2384 alienigena,
1210 2300 1445 2383 quibus
1510 2320 1631 2364 nos
1696 2299 1765 2362 in
1827 2298 2040 2363 media
2103 2321 2172 2362 re

153 2388 420 2472 publica
462 2387 605 2451 nati
651 2409 1030 2471 semperque
1077 2388 1336 2452 versati.
1412 2386 1577 2452 Cum
1620 2387 1872 2452 audiret
1909 2391 2172 2451 senatus
2192 2365 2235 2426 4

72 2503 126 2545 2⁶
155 2474 624 2541 consentientis
697 2476 1088 2540 auctoritate
1162 2497 1345 2539 arma
1418 2479 1706 2559 sumpta,
1780 2476 2173 2558 consulibus,
2197 2455 2259 2502 ¹¹

153 2562 597 2647 praetoribus,
641 2562 924 2628 tribunis
970 2563 1200 2648 plebis,
1244 2563 1438 2627 nobis
1484 2563 1990 2646 imperatoribus
2037 2584 2176 2627 rem

153 2651 488 2736 publicam
524 2650 987 2715 defendendam
1025 2652 1264 2734 datam,
1302 2651 1685 2715 movebatur
1722 2650 1937 2715 animo
1977 2655 2044 2714 et
2076 2651 2175 2714 vir

152 2739 307 2804 huic
371 2739 646 2823 imperio
712 2738 1144 2803 amicissimus
1211 2739 1288 2803 de
1354 2739 1565 2802 salute
1618 2738 1844 2822 populi
1893 2737 2174 2801 Romani

156 2827 642 2910 extimescebat,
692 2826 762 2890 in
807 2848 937 2909 qua
983 2827 1180 2890 etiam
1227 2848 1413 2891 suam
1459 2848 1599 2890 esse
1644 2825 1964 2889 inclusam
2008 2824 2175 2888 vide-

75 2942 130 2983 so
157 2916 290 2979 bat.
379 2913 457 2977 In
505 2935 757 2979 summo
805 2918 1027 2979 tamen
1071 2914 1309 2978 timore
1358 2913 1814 2997 quiescendum
1862 2912 1988 2975 sibi
2035 2932 2174 2975 esse

156 3002 620 3067 arbitrabatur.
694 3001 976 3066 Maxime
1013 3023 1165 3067 vero
1201 3001 1622 3085 perturbatus
1662 3004 1780 3081 est,
1817 3003 1893 3062 ut
1930 2998 2177 3063 audivit

157 3090 459 3156 consules
502 3112 580 3154 ex
616 3090 812 3154 Italia
847 3089 1215 3174 profugisse
1256 3109 1605 3171 omnesque
1644 3086 2013 3151 consulares
2054 3084 2177 3169 (sic

158 3179 333 3243 enim
371 3178 431 3241 ei
467 3175 941 3263 nuntiabatur),
979 3182 1284 3241 cunctum
1322 3179 1639 3259 senatum,
1676 3177 1888 3237 totam
1916 3172 2177 3237 Italiam

159 3288 301 3331 esse
341 3265 628 3330 effusam.
687 3266 954 3330 Talibus
993 3265 1164 3329 enim
1200 3264 1450 3329 nuntiis
1488 3266 1556 3326 et
1592 3260 1964 3326 rumoribus
2001 3265 2178 3343 pate-

78 3380 131 3421 οε
159 3356 276 3419 bat
339 3354 420 3417 ad
486 3354 801 3418 orientem
861 3354 994 3437 via,
1055 3374 1175 3417 nec
1229 3351 1350 3416 ulli
1405 3351 1542 3415 veri
1597 3349 2177 3431 subsequebantur.

159 3442 344 3507 Nihil
396 3441 506 3506 ille
554 3442 631 3505 de
679 3440 1167 3506 condicionibus
1214 3440 1374 3523 tuis,
1428 3438 1595 3502 nihil
1642 3437 1718 3501 de
1768 3437 1983 3500 studio
2033 3457 2179 3500 con-

160 3530 416 3595 cordiae
464 3533 531 3593 et
576 3530 783 3612 pacis,
833 3528 996 3592 nibil
1045 3528 1123 3592 de
1170 3526 1651 3607 conspiratione
1698 3523 2004 3588 audiebat
2050 3544 2183 3587 cer·
