2550 3875
752 156 907 213 CAP.
946 162 1157 213 46-49
1194 164 1225 224 5
1262 163 1524 213 99-104.
2059 158 2149 222 45

558 320 848 384 multae
894 320 1229 385 insidiae
1277 324 1460 385 sunt
1504 320 1732 385 bonis

124 442 469 509 verissime
515 442 762 509 dictum
808 446 938 529 est3
984 443 1096 507 sed
1142 447 1210 507 te

228 570 345 668 fd,
382 585 583 668 quod
620 584 847 649 multi
883 582 1290 649 invideant
1326 584 1710 667 multique
1748 586 2151 669 expetant,

73 751 95 792 ⁶
123 726 378 809 inquit,
875 671 1203 738 inscitia
1248 676 1396 756 est,

228 849 673 935 Postulare,
715 847 872 915 nisi
917 850 1266 1001 la‘btzrem
1313 854 1605 915 summa
1649 872 1815 915 cum
1863 870 2045 915 cura

982 960 1065 1002 ec
1113 958 1302 1004 eras.

120 1097 401 1163 Nollem
452 1096 625 1161 idem
679 1095 809 1161 alio
865 1096 1010 1161 loco
1068 1096 1369 1180 dixisset,
1424 1097 1597 1179 quod
1644 1096 2014 1181 exciperent
2059 1096 2153 1162 in·

121 1185 329 1271 probi
374 1184 575 1250 cives:

54 1324 94 1362 1⁰
652 1290 1004 1389 Oderint,
1051 1307 1223 1371 dum
1269 1311 1638 1372 metuant.

122 1450 481 1517 Praeclara
526 1447 699 1515 enim
743 1448 861 1513 illa
903 1454 1253 1533 praecepta
1290 1449 1556 1514 dederat
1591 1449 1933 1515 iuventuti.
2025 1448 2152 1515 Sed
2175 1459 2278 1509 103

121 1548 358 1605 tamen
402 1537 562 1603 haec
597 1536 705 1600 via
741 1557 815 1601 ac
854 1537 1024 1601 ratio
1062 1537 1157 1601 rei
1191 1538 1489 1620 publicae
1528 1538 1956 1622 capessendae
1995 1538 2154 1603 olim

124 1633 281 1694 erat
318 1626 529 1711 magis
566 1624 1102 1709 pertimescenda,
1148 1647 1296 1689 cum
1333 1626 1562 1691 multis
1599 1626 1669 1691 in
1703 1628 1898 1691 rebus
1937 1626 2155 1692 multi-

126 1715 385 1781 tudinis
460 1713 750 1779 studium
812 1735 889 1778 ac
946 1713 1175 1798 populi
1240 1714 1652 1779 commodum
1716 1715 1797 1778 ab
1862 1715 2153 1779 utilitate

52 1834 97 1873 ιε
127 1806 230 1869 rei
274 1802 577 1887 publicae
623 1800 1050 1886 discrepabat.
1140 1801 1510 1867 Tabellaria
1549 1803 1655 1867 lex
1691 1803 1776 1867 ab
1813 1802 1886 1867 L.
1924 1803 2152 1869 Cassio

127 1893 487 1959 ferebatur.
560 1888 851 1975 Populus
884 1890 1261 1956 libertatem
1289 1890 1400 1976 agi
1425 1892 1705 1976 putabat
1733 1913 1936 1956 suam.
2008 1890 2154 1957 Dis-

129 1981 513 2048 sentiebant
554 1978 882 2064 principes
928 1983 997 2044 et
1040 1979 1111 2043 in
1155 1979 1367 2044 salute
1415 1979 1855 2064 optumatium
1899 1981 2156 2045 temeri-

129 2075 347 2135 tatem
375 2067 817 2132 multitudinis
846 2071 915 2130 et
936 2066 1218 2131 tabellae
1237 2067 1572 2132 licentiam
1589 2067 1975 2151 pertimesce
1983 2069 2154 2133 bant.

129 2153 491 2244 Agrariam
527 2155 624 2220 Ti.
655 2153 987 2220 Gracchus
1023 2155 1236 2241 legem
1270 2155 1540 2220 ferebat.
1625 2155 1831 2220 Grata
1866 2160 2010 2221 erat
2043 2179 2155 2240 po·

50 2275 99 2314 20
128 2247 325 2332 pulo;
368 2244 671 2310 fortunae
718 2243 1033 2310 constitui
1072 2243 1440 2308 tenuiorum
1477 2244 1883 2310 videbantur.
1971 2243 2156 2310 Nite-

126 2338 382 2400 bantur
426 2335 656 2398 contra
701 2335 1092 2416 optumateS,
1138 2333 1314 2415 quod
1353 2335 1424 2397 et
1457 2332 1848 2398 discordiam
1883 2333 2156 2398 excitari

126 2423 450 2487 videbant
502 2423 596 2504 et,
650 2441 799 2485 cum
851 2419 1211 2503 locupletes
1260 2420 1784 2503 possessionibus
1831 2420 2155 2486 diuturnis

126 2512 573 2593 moverentur,
592 2507 859 2593 spoliari
875 2529 1012 2572 rem
1026 2508 1356 2591 publicam
1370 2509 1968 2594 propugnatoribus
1983 2510 2150 2574 arbi-

128 2599 503 2664 trabantur.
592 2595 1115 2661 Frumentariam
1156 2595 1371 2682 legem
1407 2595 1476 2662 G.
1516 2595 1848 2662 Gracchus
1885 2597 2156 2663 ferebat.

48 2715 97 2755 25
126 2686 431 2753 Iucunda
476 2706 581 2749 res
624 2683 867 2769 plebei3
910 2684 1123 2748 victus
1169 2685 1342 2749 enim
1389 2685 1930 2769 suppeditabatur
1973 2686 2155 2772 large

127 2778 277 2842 sine
326 2774 567 2839 labore.
656 2772 1139 2857 Repugnabant
1179 2773 1355 2856 boni,
1401 2773 1575 2857 quod
1612 2777 1680 2838 et
1715 2774 1797 2837 ab
1835 2773 2157 2838 industria

124 2864 401 2949 plebem
446 2861 527 2925 ad
573 2861 886 2926 desidiam
930 2860 1189 2925 avocari
1229 2861 1554 2945 putabant
1591 2865 1659 2926 et
1695 2862 2018 2926 aerarium
2053 2884 2157 2927 ex·

124 2950 389 3018 hauriri
435 2949 762 3014 videbant.

269 3037 488 3102 Multa
503 3037 702 3101 etiam
714 3041 944 3101 nostra
955 3037 1288 3122 memoria,
1308 3059 1472 3122 quae
1487 3038 1787 3103 consulto
1801 3041 2156 3123 praetereO,
2193 3025 2280 3089 49

48 3151 99 3195 ao
123 3129 406 3193 fuerunt
460 3126 531 3190 in
583 3147 661 3190 ea
713 3126 1156 3210 contentione,
1218 3131 1296 3190 ut
1351 3126 1684 3210 popularis
1739 3126 2062 3210 cupiditas
2117 3111 2328 3191 2004)

125 3213 417 3282 consilio
481 3213 849 3298 principum
904 3214 1265 3279 dissideret.
1374 3213 1569 3280 Nunc
1621 3215 1754 3278 iam
1805 3214 1972 3280 nihil
2037 3218 2157 3298 est,
2178 3238 2280 3286 104

124 3304 315 3389 quod
361 3302 642 3387 populus
680 3324 721 3365 a
756 3302 1023 3368 delectis
1058 3301 1592 3386 principibusque
1631 3301 1993 3386 dissentiat,
2036 3324 2158 3368 nec

123 3392 404 3478 flagitat
466 3411 606 3454 rem
659 3390 863 3454 ullam
916 3411 1127 3473 neque
1181 3412 1500 3456 novarum
1553 3412 1771 3454 rerum
1827 3394 1928 3455 est
1984 3391 2158 3475 cupi-

119 3483 255 3546 dus
316 3482 387 3544 et
441 3478 578 3543 otio
624 3500 743 3544 suo
789 3482 858 3543 et
902 3477 1223 3564 dignitate
1270 3478 1505 3563 optimi
1553 3477 1861 3561 cuiusque
1908 3483 1976 3543 et
2020 3481 2162 3544 uni-
