2550 3875
833 147 988 202 cAP.
1030 153 1078 217 1,
1116 153 1149 202 2
1189 155 1220 215 s
1261 154 1417 202 1-4.
2010 152 2148 216 495

117 305 376 374 Calenus,
424 303 524 374 qui
569 304 783 374 primus
836 307 1176 360 sententiam
1212 308 1447 377 rogatus
1484 308 1632 376 erat,
1683 308 2032 364 existimavit
2068 310 2143 366 M.

117 377 341 430 Brutum
387 378 588 431 contra
631 375 818 457 legem
862 377 1064 432 fecisse
1114 379 1176 432 et
1220 376 1278 434 C.
1326 379 1574 432 Antonio
1623 393 1750 432 eam
1792 379 2145 448 provinciam

113 446 518 502 restituendam
555 445 792 502 censuit.
857 446 1036 512 Quem
1072 449 1270 503 contra
1297 447 1372 504 M.
1404 446 1598 502 Cicero
1638 464 1781 517 eam,
1819 466 1965 518 quae
1993 449 2144 505 infra

115 517 324 588 scripta
357 517 542 572 oratio
580 519 684 586 est,
721 517 939 587 habuit,
977 535 1091 588 qua
1113 518 1212 573 ille
1243 517 1302 574 C.
1332 518 1552 573 Pansae
1580 520 1769 588 potius
1799 521 2144 576 sententiam

113 587 455 657 sequendam
491 604 615 643 esse
652 587 889 644 censuit.

64 751 83 796 Γ
908 771 1336 778 ...-—...-.——

247 924 564 991 Maximas
609 925 736 991 tibi
745 976 764 1011 ,
813 925 1054 1010 Pansa,
1101 925 1353 1011 gratias
1401 948 1627 992 omnes
1670 931 1739 992 et
1784 927 2025 994 habere
2072 901 2192 1037 et}

71 1025 304 1100 agere
367 1014 705 1099 debemus,
769 1014 912 1098 qui,
977 1035 1124 1079 cum
1182 1014 1497 1080 hodierno
1554 1015 1657 1080 die
1714 1019 2013 1081 senatum
2070 1021 2137 1082 te

109 1102 492 1168 habiturum
543 1124 677 1167 non
723 1103 1221 1187 arbitraremur,
1274 1106 1353 1168 ut
1396 1101 1485 1167 M.
1530 1102 1753 1188 Bruti,
1806 1108 2139 1188 praestan-

110 1190 353 1255 tissimi
408 1212 598 1274 clv18,
651 1190 910 1255 litteras
967 1191 1308 1275 accepisti,
1361 1213 1443 1256 ne
1488 1191 1829 1256 minimam
1876 1192 2139 1294 quidem

109 1301 361 1344 moram
432 1278 917 1363 interposuisti,
991 1279 1150 1362 quin
1224 1301 1421 1363 quam
1492 1280 1779 1364 primum
1851 1281 2137 1345 maximo

106 1367 348 1454 gaudio
395 1372 463 1432 et
509 1367 952 1452 gratulatione
995 1365 1378 1433 frueremur.
1452 1365 1619 1433 Cum
1664 1367 1914 1432 factum
1950 1371 2139 1433 tuum

103 1459 370 1542 gratum
434 1455 737 1521 omnibus
801 1455 996 1520 debet
1058 1477 1229 1540 esse,
1293 1459 1436 1519 tum
1494 1477 1648 1521 vero
1706 1457 1945 1541 oratio,
2010 1479 2141 1541 qua

102 1542 400 1609 recitatis
445 1543 692 1608 litteris
735 1564 894 1608 usus
941 1564 1028 1607 es.
1100 1542 1471 1608 Declarasti
1518 1544 1692 1608 enim
1732 1565 1959 1610 verum
1995 1566 2137 1610 esse

62 1639 88 1703 .‘
102 1632 193 1715 id,
240 1631 412 1715 quod
449 1652 571 1718 ego
611 1653 868 1716 semper
904 1631 1096 1717 sensi,
1136 1631 1465 1697 neminem
1502 1632 1794 1717 alterius,
1831 1633 1945 1716 qui
1982 1655 2136 1698 suae

61 1712 82 1807 ᾗ
102 1720 480 1804 confideret,
524 1719 758 1784 virtuti
803 1719 1106 1784 invidere.
1177 1718 1414 1804 Itaque
1456 1720 1637 1804 mihi,
1685 1720 1798 1804 qui
1832 1721 2134 1805 plurimis
2158 1741 2191 1786 2

61 1812 82 1862 ’-
101 1808 344 1874 officiis
403 1829 550 1872 sum
600 1830 748 1873 cum
793 1807 1002 1873 Bruto
1050 1812 1118 1873 et
1162 1808 1449 1873 maxima
1492 1807 1945 1874 familiaritate
1994 1831 2139 1875 con-

61 1932 78 1966 ε.
97 1898 387 1980 iunctus,
423 1897 640 1963 minus
679 1896 889 1961 multa
925 1896 1004 1962 de
1039 1895 1156 1962 illo
1195 1897 1467 1962 dicenda
1502 1899 1673 1962 sunt.
1750 1895 1926 1974 Quas
1964 1898 2138 1963 enim

59 1988 246 2071 :ipse
293 1985 455 2050 mihi
501 1984 712 2069 partis
759 2006 1182 2069 sumpseram,
1227 2006 1337 2050 eas
1382 1986 1717 2070 praecepit
1753 1986 1965 2051 oratio
2004 1989 2139 2051 tua.

59 2075 66 2152 j
97 2074 233 2141 Sed
270 2074 455 2159 mihi,
497 2076 721 2158 patres
759 2074 1132 2159 conscripti,
1175 2073 1637 2139 necessitatem
1674 2073 1904 2138 attulit
1938 2075 2137 2158 paulo

59 2164 296 2248 &plura
341 2162 595 2227 dicendi
641 2162 968 2228 sententia
1009 2162 1166 2247 eius,
1212 2162 1326 2246 qui
1364 2165 1636 2247 rogatus
1673 2165 1778 2226 est
1814 2165 1965 2227 ante
2004 2185 2135 2247 me3

59 2274 139 2318 ra
190 2272 321 2334 quo
367 2250 466 2314 ita
512 2272 704 2335 saepe
750 2250 1087 2333 dissentiO,
1130 2253 1207 2315 ut
1251 2251 1385 2315 iam
1426 2271 1669 2335 verear,
1711 2272 1813 2333 ne,
1856 2251 1927 2315 id
1964 2252 2139 2335 quod

59 2359 65 2390 ι
92 2337 249 2403 fieri
277 2338 545 2403 minime
573 2338 786 2422 debet,
813 2338 1103 2403 minuere
1131 2338 1492 2403 amicitiam
1518 2343 1817 2404 nostram
1838 2339 2140 2404 videatur

91 2430 425 2512 perpetua
469 2426 805 2491 dissensio.

242 2514 424 2591 Quae
471 2517 574 2579 est
619 2516 790 2579 enim
834 2515 968 2581 ista
1011 2518 1128 2579 tua
1173 2514 1364 2598 rati0,
1416 2512 1673 2600 Calene,
1720 2537 1885 2599 quae
1932 2538 2135 2600 mens,
2154 2538 2188 2583 3

91 2607 176 2669 ut
231 2624 594 2686 numquam
647 2606 802 2687 post
845 2602 1174 2667 Kalendas
1218 2601 1560 2668 Ianuarias
1615 2604 1789 2668 idem
1836 2604 2137 2687 senseriS,

90 2691 279 2776 quod
326 2691 412 2775 is,
468 2692 580 2775 qui
626 2694 693 2755 te
739 2691 1133 2756 sententiam
1176 2691 1463 2775 primum
1508 2695 1731 2777 rogat,
1778 2712 2137 2775 numquam

89 2785 240 2844 tam
279 2778 588 2863 frequens
627 2782 892 2845 senatus
923 2778 1139 2862 fuerit,
1175 2782 1250 2843 ut
1275 2802 1445 2844 unus
1475 2779 1713 2863 aliquis
1743 2779 2139 2844 sententiam

87 2873 288 2933 tuam
332 2870 593 2932 secutus
633 2868 766 2932 sit?
840 2865 973 2933 Cur
1009 2888 1266 2951 semper
1302 2868 1402 2931 tui
1441 2867 1789 2933 dissimiles
1828 2865 2137 2950 defendiS,

87 2978 233 3040 cur,
283 2978 433 3021 cum
475 2959 542 3019 te
580 2959 649 3021 et
683 2957 821 3021 vita
857 2959 926 3020 et
959 2955 1226 3020 fortuna
1261 2959 1381 3020 tua
1417 2956 1499 3020 ad
1536 2956 1765 3038 otium,
1809 2955 1893 3018 ad
1930 2953 2137 3039 digni-

83 3048 312 3109 tatem
359 3044 625 3129 invitet,
672 3064 747 3108 ea
791 3045 1052 3127 probas,
1098 3065 1175 3107 ea
1219 3043 1529 3129 decernis,
1576 3065 1653 3108 ea
1698 3042 1924 3127 sentis,
1971 3064 2135 3126 quae

83 3134 235 3199 sint
283 3131 552 3197 inimica
592 3135 661 3196 et
698 3132 836 3197 otio
874 3132 1203 3197 communi
1240 3136 1308 3196 et
1344 3131 1652 3217 dignitati
1689 3130 1887 3195 tuae?
1905 3093 2199 3243 Nam}

79 3225 168 3287 ut
214 3220 562 3303 superiora
598 3220 922 3305 omittam,
965 3220 1092 3286 hoc
1129 3222 1325 3304 certe,
1373 3220 1547 3303 quod
1583 3218 1747 3283 1111111
1783 3240 2137 3283 mammam

83 3308 607 3374 admirationem
654 3311 892 3392 movet,
933 3330 1068 3373 non
1112 3308 1366 3373 tacebo.
1441 3308 1629 3384 Quod
1674 3310 1778 3371 est
1823 3307 1950 3372 tibi
1988 3329 2136 3372 cum
2164 3316 2240 3383 (4)

81 3396 332 3461 Brutis
386 3394 680 3474 bellum?
735 3418 850 3461 cur
904 3418 1043 3480 eos,
1100 3418 1262 3481 quos
1320 3417 1544 3461 omnes
1589 3418 1795 3480 paene
1840 3396 2135 3461 venerari

80 3486 436 3567 debemus,
483 3485 661 3549 solus
709 3485 1092 3571 oppugnas?
1165 3484 1470 3549 Alterum
1511 3484 1965 3550 circumsederi
2002 3507 2138 3550 non
