2550 3875
831 204 984 261 CAP.
1026 211 1233 260 10—-12
1272 212 1304 271 6
1342 212 1571 261 26—30.
2082 208 2212 272 517

169 366 245 429 in
282 364 735 431 Macedoniam
787 366 1068 431 alienam
1105 367 1463 451 advolavit3
1510 368 1729 433 omnia
1775 390 1894 434 sua
1938 372 2218 453 putavit,

173 474 346 537 quae
382 475 500 519 vos
538 458 759 518 vestra
795 476 937 520 6666
970 454 1216 539 velitis3
1253 455 1545 542 legiones
1576 458 1965 541 conseripsit
1991 480 2216 541 novas,

171 541 435 625 excepit
488 546 769 627 veteres,
823 544 1190 627 equitatum
1247 544 1329 607 ad
1386 565 1455 608 se
1512 543 1784 610 abduxit
1827 544 2213 611 Dolabellae

173 633 374 714 atque
430 651 579 694 eum
631 631 923 695 nondum
980 635 1167 695 tanto
1223 631 1574 714 parricidio
1624 632 1907 699 oblitum
1954 635 2213 700 hostem

107 736 138 776 ε
174 739 298 782 6116
343 718 671 782 sententia
715 718 1044 785 iudicavit.
1134 717 1336 801 Nam,
1390 719 1459 783 ni
1505 720 1602 783 ita
1648 725 1848 805 esset,
1896 744 2024 806 quo
2069 723 2213 787 iure

173 805 547 889 equitatum
612 828 651 870 a
705 808 969 872 consule
1027 807 1418 872 abduceret?
1510 806 1723 883 Quid?
1819 808 1888 875 O.
1944 810 2210 876 Cassius
2232 822 2299 871 28

170 893 321 1046 {2¹³
330 893 2212 1069 efflissffssdffnffimtrsstfe312³112⁸¹lss¹st{³13⁶ssssssssssssssssss

176 1068 370 1153 Syria
424 1068 884 1135 Dolabellam?
951 1093 1080 1154 qua
1144 1072 1320 1157 lege,
1392 1093 1521 1156 quo
1576 1073 1761 1137 iure?
1851 1072 1981 1156 Eo,
2037 1074 2212 1157 quod

84 1177 143 1217 10
174 1158 475 1242 Iuppiter
519 1158 659 1242 ipse
707 1159 952 1242 sanxit,
996 1163 1074 1223 ut
1122 1159 1369 1243 omnia,
1415 1182 1579 1244 quae
1624 1160 1720 1225 rei
1766 1161 2067 1244 publicae
2114 1183 2211 1225 sa-

173 1246 418 1310 lutaria
490 1249 738 1330 essent,
811 1247 1112 1333 legitima
1180 1251 1248 1312 et
1318 1247 1499 1312 iusta
1560 1248 1975 1313 haberentur.
2084 1249 2211 1313 Est

174 1335 351 1399 enim
404 1335 511 1398 lex
562 1334 731 1399 nihil
787 1335 964 1399 aliud
1015 1335 1145 1399 nisi
1201 1339 1382 1401 recta
1436 1339 1505 1401 et
1555 1358 1595 1400 a
1627 1337 1894 1401 numine
1940 1337 2208 1401 deorum

174 1426 391 1487 tracta
451 1422 624 1487 ratio
689 1423 1018 1507 imperans
1081 1424 1389 1506 honesta,
1451 1424 1807 1508 prohibens
1864 1425 2208 1490 contraria.

173 1510 349 1575 Huic
401 1510 609 1597 igitur
661 1510 794 1596 legi
849 1511 1071 1595 paruit
1122 1511 1417 1596 Cassius,
1474 1534 1623 1577 cum
1678 1517 1780 1577 est
1834 1513 1903 1576 in
1952 1511 2042 1598 Sy
2044 1514 2211 1577 riam

87 1617 144 1657 15
172 1598 536 1683 profectus,
611 1599 892 1664 alienam
958 1599 1390 1683 provinciam,
1463 1601 1519 1664 si
1588 1600 1887 1665 homines
1950 1601 2208 1687 legibus

175 1687 440 1771 seriptis
494 1690 868 1771 uterentur,
920 1687 1026 1752 his
1079 1709 1235 1753 vero
1292 1687 1621 1771 oppressis
1678 1710 1864 1753 suam
1908 1689 2054 1774 lege
2099 1712 2209 1754 na-

173 1780 381 1840 turae.
466 1772 591 1840 Sed
638 1779 715 1839 ut
749 1797 826 1840 ea
861 1779 1082 1840 vestra
1119 1797 1378 1859 quoque
1416 1776 1809 1840 auctoritate
1846 1776 2207 1860 firmentur,
2228 1790 2295 1838 29

174 1884 434 1929 6611660·
501 1861 674 1927 eum
727 1863 800 1927 P.
853 1862 1228 1948 Dolabella,
1286 1864 1525 1949 quique
1580 1864 1720 1928 eius
1778 1829 2210 1929 crudelissimi

175 1957 244 2017 et
298 1952 662 2016 taeterrimi
721 1952 1031 2018 facinoris
1079 1952 1396 2037 ministri,
1456 1953 1645 2037 60611,
1701 1953 2031 2019 adiutores
2076 1952 2210 2018 fue-

85 2060 144 2099 60
174 2043 356 2123 runt,
420 2040 645 2105 hostes
710 2041 938 2125 populi
993 2041 1276 2106 Romani
1342 2063 1382 2105 a
1444 2045 1677 2106 senatu
1732 2041 2003 2106 iudicati
2059 2042 2210 2127 sint,

174 2149 452 2212 eumque
517 2133 782 2194 senatus
847 2128 918 2194 P
973 2129 1390 2194 Dolabellam
1454 2130 1627 2194 bello
1691 2094 2210 2231 persequendum²

175 2217 520 2300 censuerit,
566 2221 640 2281 ut
683 2217 763 2303 is,
811 2218 923 2302 qui
969 2218 1190 2283 omnia
1236 2218 1506 2282 deorum
1550 2217 2020 2302 hominumque
2065 2218 2209 2283 iura

171 2326 364 2389 nom,
408 2304 724 2389 inaudito,
767 2305 1151 2390 inexpiabili
1199 2307 1441 2372 scelere
1478 2306 1794 2390 polluerit
1827 2306 2208 2390 nefarioque

173 2415 245 2459 se
290 2393 546 2477 patriae
590 2394 942 2477 parricidio
991 2394 1445 2477 obstrinxerit,
1493 2416 1737 2478 poenas
1784 2395 1885 2458 dis
1931 2395 2208 2460 1101111111-

84 2497 143 2540 25
172 2482 427 2564 busque
482 2482 752 2546 meritas
806 2482 1189 2566 debitasque
1235 2444 1596 2583 persqlvat,
1652 2483 1908 2547 senatui
1951 2485 2208 2567 plaeere
2230 2496 2302 2546 30

107 2569 247 2635 ..O
296 2567 597 2635 Cassium
651 2591 772 2653 pro
824 2569 1087 2634 consule
1133 2570 1541 2672 provinciam
1588 2569 1847 2654 Syriam
1895 2572 2209 2654 optinere,

173 2662 252 2722 ut
307 2657 420 2741 qui
476 2658 728 2741 optimo
781 2657 921 2722 iure
978 2679 1122 2721 eam
1165 2659 1572 2741 provinciam
1618 2658 2004 2742 optinuerit3
2060 2680 2209 2723 eum

176 2768 217 2810 a
263 2745 340 2822 Q.
380 2744 630 2811 Marcio
669 2744 903 2829 Crispo
949 2766 1069 2829 pro
1118 2747 1400 2829 consule,
1445 2745 1518 2810 L.
1560 2746 1775 2811 Statio
1812 2745 2041 2810 Murco
2087 2768 2208 2829 pro

176 2834 461 2916 consule,
505 2833 586 2898 A.
631 2834 893 2898 Allieno
949 2833 1171 2918 legato
1225 2834 1584 2899 exercitum
1630 2834 1921 2917 accipere
1968 2855 2209 2916 eosque

84 2941 145 2980 so
175 2922 238 2987 61
300 2922 559 2987 tradere
624 2930 899 3005 eumque
963 2921 1048 2984 iis
1113 2920 1346 3006 copiis,
1410 2926 1478 2986 et
1542 2922 1600 2986 si
1656 2943 1817 3005 quas
1870 2924 2211 3023 praeterea

172 3010 524 3095 paraverit,
561 3010 736 3074 bello
773 3009 844 3073 P.
881 3007 1299 3073 Dolabellam
1335 3014 1513 3074 terra
1553 3010 1850 3093 marique
1890 3011 2208 3094 persequi.

171 3097 339 3163 Eius
392 3097 551 3162 belli
606 3095 873 3184 gerendi
929 3118 1149 3180 661166,
1206 3097 1443 3181 quibus
1501 3097 1560 3162 ei
1614 3097 1939 3181 videatur,
1990 3119 2209 3182 naveS,

170 3190 430 3270 nautaS,
473 3185 817 3270 pecuniam
865 3189 1224 3270 ceteraque,
1273 3208 1437 3269 quae
1482 3187 1562 3250 ad
1599 3185 1666 3250 id
1701 3185 1949 3250 bellum
1987 3206 2209 3270 geren-

172 3275 326 3339 dum
367 3273 757 3359 pertineant,
792 3278 870 3338 ut
905 3272 1323 3357 imperandi
1304 3297 1377 3338 111
1414 3271 1621 3358 Syria,
1659 3273 1837 3357 Α616,
1873 3272 2209 3359 Bithynia,

79 3381 140 3424 65
171 3363 392 3428 Ponto
428 3361 531 3425 ius
569 3365 1094 3463 potestatemque
1131 3362 1394 3444 habeat,
1439 3361 1685 3446 utique,
1733 3383 2207 3446 quamcumque

171 3452 248 3515 in
291 3448 705 3551 ‘provinciam
751 3450 890 3515 eius
935 3449 1093 3514 belli
1140 3413 1407 3536 gerend'i
1456 3471 1651 3513 causa
1698 3450 2060 3536 advenerit,
2112 3451 2209 3516 ibi

169 3537 389 3604 maius
437 3536 784 3622 imperium
831 3536 902 3604 O.
948 3535 1136 3603 Cassi
1179 3559 1302 3668 pro
1350 3538 1616 3602 consule
1664 3544 1772 3622 sit,
1824 3559 2022 3624 quam
2068 3539 2207 3604 eius
