2550 3875
353 114 484 181 536
592 115 673 169 IN
707 116 782 171 M.
821 114 1218 171 ANTOMUM
1255 115 1523 170 ORATIO
1560 114 1971 170 PHILIPPICA
2006 114 2155 169 XIII.

352 278 691 361 minasque
746 277 1120 342 verborum!
1183 278 1314 342 nisi
1377 276 1549 342 forte
1616 298 1727 342 eos
1784 299 1913 361 pax
1967 278 2112 361 ipsa
2170 277 2399 362 leniet,

356 366 782 450 maximeque,
821 386 969 430 cum
1005 365 1076 429 in
1109 366 1285 430 hunc
1322 366 1615 430 ordinem
1652 366 1966 450 venerint,
2004 366 2401 430 salutabunt

353 454 652 538 benigne,
699 454 974 518 comiter
1011 454 1435 538 appellabunt
1469 476 1672 519 unum
1711 475 2031 537 quemque
2067 458 2399 519 nostrum.

295 510 510 607 3Non
563 541 1018 626 recordamini,
1072 564 1190 625 per
1244 542 1398 606 deos
1454 542 1892 626 immortaleS,
1950 564 2111 627 quas
2160 542 2234 607 in
2282 564 2397 607 eos
2541 606 2542 631 ÷

303 598 336 647 ⁵
357 630 714 694 sententias
753 629 1090 705 dixeritis?
1162 629 1334 695 Acta
1370 630 1456 694 M.
1496 630 1746 697 Antoni
1782 629 2163 714 rescidistis,
2209 631 2397 717 leges
2443 647 2464 687 ⁵
2541 662 2542 677 2

355 717 682 800 refixistis,
726 739 843 801 per
887 718 1020 782 vim
1068 721 1134 782 et
1181 722 1413 783 contra
1453 719 1744 803 auspicia
1779 719 1949 783 latas
1986 719 2397 802 decrevistis,

356 806 562 870 totius
608 804 843 870 Italiae
899 806 1174 871 dilectus
1223 807 1655 892 excitavistis,
1711 807 2031 892 collegam
2079 811 2147 871 et
2195 809 2397 873 scele-

354 916 502 958 rum
557 894 807 959 socium
863 895 1154 959 omnium
1206 895 1470 959 hostem
1522 895 1947 960 iudicavistis.
2038 893 2208 961 Cum
2269 896 2393 960 hoc

356 1004 522 1066 quae
574 1004 702 1066 pax
756 986 980 1066 potest
1034 983 1220 1047 esse?
1311 982 1544 1048 Hostis
1600 984 1658 1048 si
1711 988 1887 1048 esset
1930 987 2273 1066 externus,
2328 984 2393 1049 id

356 1071 572 1154 ipsum
645 1070 754 1135 vix
818 1070 1062 1135 talibus
1126 1070 1322 1135 factis
1332 1123 1350 1155 ,
1424 1072 1536 1135 sed
1597 1076 1826 1156 posset
1888 1072 2109 1157 aliquo
2175 1073 2390 1137 modo,
2416 1090 2457 1129 ιο

354 1157 589 1241 Maria,
661 1162 946 1242 montes,
1009 1158 1353 1244 regionum
1418 1160 1900 1246 magnitudines
1962 1160 2393 1244 interessent3

357 1248 604 1312 odisses
653 1269 828 1331 eum,
885 1268 1078 1331 quem
1122 1268 1255 1311 non
1300 1248 1569 1313 videres.
1660 1247 1751 1312 Hi
1795 1248 1867 1312 in
1913 1248 2119 1313 oculis
2167 1249 2391 1313 haere-

354 1336 521 1400 bunt
567 1340 650 1419 et,
699 1356 848 1400 cum
883 1334 1128 1418 licebit,
1172 1336 1243 1399 in
1278 1336 1605 1421 faucibus;
1653 1336 1889 1420 quibus
1928 1336 2103 1401 enim
2140 1338 2391 1421 saeptis

354 1427 495 1488 tam
530 1424 836 1487 immanis
873 1424 1101 1487 beluas
1135 1424 1656 1489 continebimus‘?
1730 1425 1825 1490 At
1850 1424 2139 1489 incertus
2172 1426 2391 1489 exitus

355 1512 530 1576 belli.
619 1511 746 1575 Est
803 1511 1068 1576 omnino
1115 1510 1390 1576 fortium
1434 1511 1750 1595 virorum,
1806 1512 2031 1596 quales
2079 1534 2199 1578 vos
2248 1534 2391 1579 esse
2420 1529 2461 1570 ιδ

355 1599 635 1682 debetis,
697 1600 1012 1663 virtutem
1074 1603 1409 1683 praestare
1476 1598 1764 1688 (tantum
1826 1601 1999 1665 enim
2061 1600 2389 1687 possunt),

303 1703 334 1751 e
353 1687 658 1751 fortunae
714 1688 973 1771 culpam
1025 1709 1160 1751 non
1215 1689 1653 1753 extimescere.
1755 1687 1881 1753 Sed
1937 1690 2251 1772 quoniam
2309 1691 2389 1755 ab

353 1776 481 1841 hoc
516 1776 740 1840 ordine
775 1797 910 1840 non
943 1774 1263 1840 fortitudo
1304 1778 1533 1860 solum,
1570 1798 1796 1841 verum
1833 1777 2034 1841 etiam
2064 1778 2392 1863 sapientia

354 1864 728 1950 postulatur
765 1861 1190 1950 (quamquam
1227 1864 1335 1927 vix
1372 1865 1674 1929 videntur
1699 1865 1861 1930 haec
1886 1886 2080 1950 posse
2113 1866 2391 1954 seiungi,

353 1950 1102 2107 ἓὲἒῖἳξᾞὲηὲιῗῗῗέ
1150 1953 2391 2126 ἕὲῗὲῖἒὲἕᾱὲἷῗίῗὲῗωῗῖἒθῄἑοῖἶῗᾛ
2418 1973 2460 2012 '⁰
2543 1965 2544 1976 Ν

353 2131 743 2214 periculum3
806 2092 961 2213 quid
1025 2129 1392 2212 sapientia?
1490 2128 1910 2195 cautioribus
1972 2093 2187 2197 utitur
2243 2154 2391 2197 con-

356 2217 540 2300 siliis,
585 2217 655 2281 in
692 2222 1029 2300 posterum
1075 2218 1399 2300 providet,
1458 2222 1561 2282 est
1606 2218 1785 2282 omni
1829 2219 2084 2284 ratione
2132 2221 2389 2286 tectior.

358 2304 528 2381 Quid
572 2304 780 2389 igitur
812 2306 1091 2369 censet?
1136 2306 1495 2388 parendum
1532 2311 1635 2372 est
1670 2306 1845 2372 enim
1883 2311 2078 2391 atque
2117 2308 2185 2372 id
2224 2311 2387 2393 opti-

354 2414 537 2457 mum
579 2392 1014 2477 iudicandum,
1061 2394 1235 2476 quod
1282 2393 1371 2458 sit
1417 2395 1894 2478 sapientissime
1934 2395 2386 2461 constitutum.
2412 2413 2455 2454 2⁵

358 2479 431 2546 Si
482 2481 608 2546 hoc
661 2480 1008 2564 praecipit,
1069 2502 1152 2544 ne
1208 2482 1364 2566 quid
1417 2483 1555 2546 vita
1609 2483 1979 2548 existimem
2033 2484 2386 2569 antiquius,

354 2592 435 2635 ne
484 2570 823 2634 decernam
870 2569 1104 2653 capitis
1149 2571 1459 2654 periculo,
1503 2570 1756 2656 fugiam
1794 2593 1983 2636 omne
2021 2571 2385 2657 discrimen,

357 2679 664 2743 quaeram
710 2679 787 2722 ex
835 2679 939 2721 ea:
984 2656 1332 2742 ‘Etiamne,
1378 2657 1437 2722 si
1483 2659 1627 2742 erit,
1674 2681 1822 2725 cum
1865 2660 1933 2724 id
1976 2659 2212 2744 fecero,
2258 2681 2385 2725 ser·

354 2744 729 2811 viendum‘P'
832 2743 902 2810 Si
967 2747 1295 2832 annuerit,
1367 2767 1450 2812 ne
1514 2767 1636 2832 ego
1688 2745 2100 2832 Sapientiam
2162 2747 2383 2834 istam,

357 2835 652 2918 quamvis
717 2834 807 2898 sit
862 2834 1143 2918 erudita,
1203 2856 1339 2898 non
1402 2835 1679 2899 audiam.
1780 2833 1898 2900 Sin
1950 2836 2384 2919 responderit:
2409 2855 2455 2894 ω

355 2921 586 2987 ‘Tuere
649 2922 746 2986 ita
807 2921 1014 2986 vitam
1079 2943 1441 3007 corpusque
1508 2924 1850 3006 [servato],
1912 2923 2010 2988 ita
2066 2923 2385 3010 fortunas,

353 3011 452 3074 ita
494 3032 635 3074 rem
678 3008 1088 3093 familiarem,
1131 3013 1209 3075 ut
1243 3011 1404 3075 haec
1439 3011 1747 3078 libertate
1784 3012 2150 3095 posteriora
2187 3012 2383 3078 ducas

353 3099 576 3182 itaque
630 3097 735 3162 his
789 3097 889 3161 uti
944 3098 1132 3181 velis,
1190 3099 1246 3161 si
1294 3099 1503 3163 libera
1546 3121 1615 3164 re
1661 3100 1926 3183 publica
1969 3100 2211 3185 possis,
2262 3123 2382 3166 nec

317 3191 473 3269 ‘pro
538 3186 644 3249 his
711 3184 1112 3269 libertatem,
1177 3186 1290 3250 sed
1345 3208 1465 3270 pro
1519 3186 1827 3252 libertate
1881 3188 2045 3253 haec
2097 3188 2379 3272 proicias

353 3277 694 3356 tamquam
764 3272 1044 3358 pignora
1112 3273 1439 3340 iniuriae':
1511 3280 1653 3338 tum
1719 3272 2093 3360 Sapientiae
2156 3297 2381 3342 vocem
2408 3295 2453 3336 ει

306 3379 336 3425 7
358 3360 581 3424 audire
613 3359 863 3424 ‘videar
928 3361 1113 3445 eique
1169 3366 1245 3425 ut
1300 3362 1419 3426 deo
1472 3385 1755 3446 paream.
1854 3364 2115 3448 Itaque,
2178 3365 2235 3428 si
2288 3387 2382 3430 re-

356 3447 561 3528 ceptis
634 3446 766 3511 fllia
841 3469 981 3512 esse
1052 3470 1398 3533 possumus
1471 3450 1689 3535 liberi,
1762 3453 2097 3518 vincamus
2162 3453 2381 3518 odium
