2550 3875
777 158 934 211 CAP.
977 163 1186 212 12-14
1223 163 1254 223 ς
1295 163 1364 213 30
1398 163 1524 213 -37,
2028 158 2163 223 519

135 325 462 406 pera-tores
500 339 622 404 ego
663 322 731 383 et
766 317 854 382 M.
886 317 1164 382 Bibulus
1201 318 1272 383 in
1308 318 1695 403 propinquis
1731 318 2161 403 finitimisque

134 408 510 495 provinciis3
565 407 647 470 ab
705 407 932 471 eodem
985 426 1138 490 rege
1197 406 1405 472 adiuti
1460 427 1685 472 sumus
1740 410 1808 471 et
1861 407 2162 491 equitatu

135 502 204 562 et
245 495 652 581 pedestribus
701 494 924 578 copiis.
1009 491 1321 559 Secutum
1366 498 1469 559 est
1504 494 1629 560 hoc
1667 495 2160 560 acerbissimum

137 589 205 649 et
241 582 880 650 calamitosissimum
917 581 1106 646 civile
1143 582 1417 666 bellum3
1459 583 1528 646 in
1567 604 1695 665 quo
1734 583 1892 667 quid
1926 583 2163 650 facien-

81 693 102 732 5
135 674 287 738 dum
331 671 666 753 Deiotaro,
712 670 869 754 quid
915 670 1181 736 omnino
1226 670 1470 734 rectius
1514 669 1734 754 fuerit,
1779 671 1991 736 dicere
2026 693 2162 737 11011

134 765 236 826 est
300 779 588 843 necesse,
660 758 1046 842 praesertim
1120 779 1270 822 cum
1340 761 1595 841 contra,
1668 779 1744 823 ac
1806 758 2159 824 Deiotarus

135 848 362 931 sensit,
416 846 694 912 victoria
747 846 906 911 belli
959 845 1283 911 iudicarit.
1377 845 1522 922 Quo
1576 846 1647 910 in
1703 847 1875 911 bello
1932 848 1989 912 si
2033 847 2162 913 fuit

135 957 332 1020 error,
376 934 740 1001 communis
788 934 848 998 ei
893 933 1022 998 fuit
1059 955 1207 998 cum
1245 938 1504 1018 senatu3
1551 933 1655 999 sin
1690 939 1872 1000 recta
1909 940 2162 1000 senten·

135 1025 255 1109 tia,
305 1045 386 1088 ne
437 1023 613 1087 victa
659 1022 920 1106 quidem
966 1044 1162 1087 causa
1206 1022 1636 1106 vituperanda
1680 1027 1800 1086 est.
1890 1022 1995 1087 Ad
2038 1023 2160 1089 has

77 1131 104 1169 ο
136 1112 352 1196 copias
419 1111 726 1176 accedent
790 1110 904 1175 alii
958 1131 1174 1196 reges,
1237 1109 1439 1175 etiam
1504 1110 1781 1175 dilectus
1838 1110 2161 1176 accedent.

132 1199 360 1283 Neque
431 1220 586 1264 vero
661 1199 901 1263 classes
976 1198 1275 1282 deerunt3
1357 1199 1529 1262 tanti
1600 1198 1786 1282 Tyrii
1860 1197 2161 1264 Cassium
2179 1209 2249 1259 35

131 1288 407 1370 faciunt,
458 1289 719 1350 tantum
765 1286 904 1351 eius
952 1287 1021 1350 in
1068 1283 1261 1369 Syria
1305 1308 1547 1351 nomen
1592 1290 1790 1370 atque
1836 1285 2161 1373 Phoenice

131 1380 250 1440 est.
339 1375 655 1439 Paratum
698 1374 900 1439 habet
944 1373 1409 1458 imperatorem
1456 1373 1524 1441 O.
1569 1373 1890 1458 Cassium,
1937 1378 2158 1458 patres
2184 1375 2269 1439 14

131 1463 513 1546 conscripti,
568 1483 672 1526 res
726 1461 991 1545 publica
1036 1467 1266 1527 contra
1320 1462 1763 1546 Dolabellam,
1816 1484 1937 1528 nec
1978 1484 2163 1545 para-

75 1569 96 1610 5
129 1555 274 1616 tum
357 1552 597 1631 solum,
679 1550 791 1614 sed
871 1550 1158 1633 peritum
1239 1554 1437 1633 atque
1508 1550 1767 1615 fortem.
1884 1549 2164 1636 Magnas

127 1639 244 1703 1110
308 1660 413 1703 res
480 1637 688 1722 gessit
746 1640 899 1702 ante
963 1637 1213 1721 Bibuli,
1287 1638 1527 1702 summi
1580 1639 1731 1721 viri,
1796 1639 2165 1722 adventum,

129 1749 282 1793 cum
331 1725 728 1790 Parthorum
780 1725 1228 1790 nobilissimos
1286 1726 1509 1811 duces,
1566 1727 1881 1790 maximas
1940 1728 2164 1811 copias

125 1814 302 1879 fudit
349 1813 734 1898 Syriamque
789 1813 1036 1878 inmani
1092 1813 1490 1879 Parthorum
1542 1813 1795 1898 impetu
1840 1814 2163 1879 liberavit.

124 1903 486 1968 Maximam
558 1902 697 1967 eius
764 1904 830 1967 et
891 1901 1291 1987 singularem
1353 1902 1615 1968 laudem
1677 1903 2164 1987 praetermitt03

71 2010 90 2049 2
126 1992 314 2057 cuius
379 1991 552 2055 enim
613 1990 1014 2074 praedicatio
1076 1992 1369 2055 nondum
1434 1991 1736 2056 omnibus
1793 1996 1987 2077 grata
2042 1996 2165 2074 est,

121 2081 296 2145 hanc
360 2078 714 2144 memoriae
775 2078 999 2162 potius
1065 2101 1263 2162 quam
1326 2078 1505 2144 vocis
1569 2079 1951 2144 testimonio
2017 2100 2165 2145 con-

125 2188 479 2233 servemus.

263 2254 740 2331 Animadverti,
830 2258 1054 2337 patres
1147 2254 1531 2338 conscripti,
1615 2254 1663 2337 †
1744 2255 1976 2319 exaudi
2058 2256 2255 2326 111136

127 2341 335 2405 etiam
377 2342 654 2405 nimium
700 2364 739 2405 a
783 2364 885 2407 me
927 2342 1224 2426 Brutum,
1268 2342 1547 2407 nimium
1586 2340 1885 2408 Cassium
1924 2344 2163 2427 ornari,

71 2447 90 2488 5
125 2427 362 2494 Cassio
408 2450 560 2493 vero
608 2430 932 2495 sententia
976 2452 1124 2495 mea
1168 2429 1577 2497 dominatum
1616 2435 1684 2495 et
1720 2431 2163 2514 principatum

123 2517 289 2582 dari.
393 2516 570 2592 Quos
635 2537 756 2603 ego
814 2518 1020 2583 orno?
1120 2518 1373 2602 Nempe
1439 2540 1579 2602 eOS,
1646 2519 1757 2602 qui
1820 2518 1952 2603 ipsi
2008 2524 2165 2583 sunt

123 2608 518 2670 ornamenta
581 2603 675 2668 rei
736 2605 1052 2688 publicae.
1155 2606 1369 2682 Quid?
1459 2606 1539 2671 D.
1603 2606 1884 2671 Brutum
1948 2628 2163 2671 nonne

123 2693 436 2759 omnibus
493 2693 836 2758 sententiis
892 2713 1147 2777 semper
1204 2694 1474 2759 ornavi?
1574 2693 1755 2758 Num
1790 2678 2016 2780 'igitur
2069 2716 2164 2758 re·

119 2781 580 2865 prehenditis‘?
661 2780 772 2845 An
807 2779 1133 2846 Antonios
1171 2782 1393 2866 potius
1432 2804 1751 2865 ornarem,
1794 2804 1929 2846 non
1965 2781 2161 2847 modo

71 2890 86 2927 ›
123 2891 398 2934 suarum
433 2868 850 2952 familiarum,
889 2870 1003 2933 sed
1038 2868 1321 2934 Romani
1357 2869 1644 2935 nominis
1682 2870 1926 2953 probra
1962 2873 2161 2954 atque

121 2956 488 3021 dedecora?
535 2978 621 3020 an
666 2954 1094 3022 Censorinum
1140 2980 1383 3041 ornem,
1428 2958 1501 3023 in
1548 2957 1717 3022 bello
1762 2956 2043 3038 hostem,
2092 2958 2163 3021 in

115 3066 288 3127 pace
336 3045 700 3118 sectorem?
747 3066 833 3108 an
878 3050 1094 3110 cetera
1138 3067 1218 3110 ex
1254 3047 1481 3111 eodem
1519 3045 1866 3110 latrocinio
1904 3044 2163 3110 naufra-

113 3132 238 3216 gia
278 3133 631 3218 colligam?
712 3130 859 3217 Ego
897 3154 1050 3198 vero
1087 3132 1256 3199 istos
1297 3134 1436 3212 otii,
1482 3133 1883 3216 concordiae,
1919 3134 2161 3218 legum,

115 3220 534 3305 iudiciorum,
571 3220 899 3286 libertatis
935 3221 1235 3287 inimicos
1278 3226 1539 3286 tantum
1580 3222 1767 3286 abest
1805 3225 1880 3286 ut
1919 3242 2165 3303 ornem,

71 3329 81 3367 ι
115 3312 200 3372 ut
249 3308 424 3373 effici
468 3330 602 3373 non
645 3308 876 3393 possit,
921 3310 1080 3393 quin
1124 3332 1237 3375 eos
1285 3314 1424 3373 tam
1471 3309 1740 3395 oderim,
1786 3330 1987 3393 quam
2023 3331 2164 3373 rem

114 3396 460 3481 publicam
505 3394 728 3482 diligo.

261 3483 505 3571 ‘Vide',
558 3484 802 3571 inquit,
859 3484 960 3551 ‘ne
1017 3488 1360 3551 veteranos
1417 3485 1761 3569 offendas'3
1812 3485 1939 3552 hoc
1986 3486 2162 3551 enim
2183 3496 2251 3547 37
