<?xml version="1.0" encoding="UTF-8"?>
<!DOCTYPE html PUBLIC "-//W3C//DTD XHTML 1.0 Transitional//EN"
    "http://www.w3.org/TR/xhtml1/DTD/xhtml1-transitional.dtd">
<html xmlns="http://www.w3.org/1999/xhtml" xml:lang="en" lang="en">
 <head>
  <title>
</title>
<meta http-equiv="Content-Type" content="text/html;charset=utf-8" />
  <meta name='ocr-system' content='tesseract 3.04.00' />
  <meta name='ocr-capabilities' content='ocr_page ocr_carea ocr_par ocr_line ocrx_word'/>
</head>
<body>
  <div class='ocr_page' id='page_1' title='image "./scriptaquaemans00mlgoog_0139.png"; bbox 0 0 2550 3875; ppageno 0'>
   <div class='ocr_carea' id='block_1_1' title="bbox 758 190 2070 257">
    <p class='ocr_par' dir='ltr' id='par_1_1' title="bbox 758 190 2070 257">
     <span class='ocr_line' id='line_1_1' title="bbox 758 190 2070 257; baseline 0.002 -12"><span class='ocrx_word' id='word_1_1' title='bbox 758 190 913 247; x_wconf 81' lang='lat' dir='ltr'><strong>CAP.</strong></span> <span class='ocrx_word' id='word_1_2' title='bbox 954 198 1089 247; x_wconf 83' lang='lat'><strong>1—2</strong></span> <span class='ocrx_word' id='word_1_3' title='bbox 1126 197 1159 257; x_wconf 63' lang='grc' dir='ltr'><strong>ἕ</strong></span> <span class='ocrx_word' id='word_1_4' title='bbox 1200 198 1353 246; x_wconf 83' lang='grc'><strong>1-5.</strong></span> <span class='ocrx_word' id='word_1_5' title='bbox 2026 192 2070 257; x_wconf 84' lang='grc'>3</span> 
     </span>
    </p>
   </div>
   <div class='ocr_carea' id='block_1_2' title="bbox 126 349 2074 702">
    <p class='ocr_par' dir='ltr' id='par_1_2' title="bbox 126 349 2074 702">
     <span class='ocr_line' id='line_1_2' title="bbox 126 349 2073 438; baseline 0.004 -26"><span class='ocrx_word' id='word_1_6' title='bbox 126 368 239 413; x_wconf 79' lang='lat' dir='ltr'><strong>voce</strong></span> <span class='ocrx_word' id='word_1_7' title='bbox 269 349 411 414; x_wconf 77' lang='lat' dir='ltr'><strong>mihi</strong></span> <span class='ocrx_word' id='word_1_8' title='bbox 444 350 514 415; x_wconf 93' lang='lat' dir='ltr'><strong>in</strong></span> <span class='ocrx_word' id='word_1_9' title='bbox 550 352 821 437; x_wconf 83' lang='lat' dir='ltr'><strong>agendis</strong></span> <span class='ocrx_word' id='word_1_10' title='bbox 849 353 1083 437; x_wconf 81' lang='lat' dir='ltr'><strong>gratiis</strong></span> <span class='ocrx_word' id='word_1_11' title='bbox 1110 354 1802 438; x_wconf 80' lang='lat' dir='ltr'>commemorandoque</span> <span class='ocrx_word' id='word_1_12' title='bbox 1830 376 2073 437; x_wconf 88' lang='lat' dir='ltr'><strong>eorum,</strong></span> 
     </span>
     <span class='ocr_line' id='line_1_3' title="bbox 128 436 2074 525; baseline 0.003 -24"><span class='ocrx_word' id='word_1_13' title='bbox 128 436 201 516; x_wconf 85' lang='lat' dir='ltr'><strong>qui</strong></span> <span class='ocrx_word' id='word_1_14' title='bbox 249 437 313 501; x_wconf 87' lang='lat' dir='ltr'><strong>de</strong></span> <span class='ocrx_word' id='word_1_15' title='bbox 368 460 467 503; x_wconf 92' lang='lat' dir='ltr'><strong>me</strong></span> <span class='ocrx_word' id='word_1_16' title='bbox 522 440 773 523; x_wconf 88' lang='lat' dir='ltr'><strong>optime</strong></span> <span class='ocrx_word' id='word_1_17' title='bbox 826 440 1045 505; x_wconf 88' lang='lat' dir='ltr'><strong>meriti</strong></span> <span class='ocrx_word' id='word_1_18' title='bbox 1099 445 1281 525; x_wconf 88' lang='lat' dir='ltr'><strong>sunt,</strong></span> <span class='ocrx_word' id='word_1_19' title='bbox 1333 441 1643 506; x_wconf 89' lang='lat' dir='ltr'><strong>beneficio</strong></span> <span class='ocrx_word' id='word_1_20' title='bbox 1699 464 1840 507; x_wconf 89' lang='lat' dir='ltr'><strong>esse</strong></span> <span class='ocrx_word' id='word_1_21' title='bbox 1891 446 2074 506; x_wconf 89' lang='lat' dir='ltr'><strong>uten-</strong></span> 
     </span>
     <span class='ocr_line' id='line_1_4' title="bbox 130 522 2070 614; baseline 0.005 -30"><span class='ocrx_word' id='word_1_22' title='bbox 130 522 233 586; x_wconf 82' lang='lat' dir='ltr'><strong>dum</strong></span> <span class='ocrx_word' id='word_1_23' title='bbox 266 526 591 611; x_wconf 84' lang='lat' dir='ltr'><strong>putabam,</strong></span> <span class='ocrx_word' id='word_1_24' title='bbox 651 548 730 592; x_wconf 88' lang='lat' dir='ltr'><strong>ea</strong></span> <span class='ocrx_word' id='word_1_25' title='bbox 772 550 941 593; x_wconf 87' lang='lat' dir='ltr'><strong>nunc</strong></span> <span class='ocrx_word' id='word_1_26' title='bbox 986 528 1088 592; x_wconf 87' lang='lat' dir='ltr'><strong>uti</strong></span> <span class='ocrx_word' id='word_1_27' title='bbox 1135 549 1336 613; x_wconf 85' lang='lat' dir='ltr'><strong>cogor</strong></span> <span class='ocrx_word' id='word_1_28' title='bbox 1379 529 1450 593; x_wconf 89' lang='lat' dir='ltr'><strong>in</strong></span> <span class='ocrx_word' id='word_1_29' title='bbox 1493 551 1720 594; x_wconf 89' lang='lat' dir='ltr'><strong>eorum</strong></span> <span class='ocrx_word' id='word_1_30' title='bbox 1763 530 2070 614; x_wconf 87' lang='lat' dir='ltr'><strong>periculis</strong></span> 
     </span>
     <span class='ocr_line' id='line_1_5' title="bbox 130 610 2068 702; baseline 0.004 -28"><span class='ocrx_word' id='word_1_31' title='bbox 130 610 467 698; x_wconf 79' lang='lat' dir='ltr'><strong>depellendis,</strong></span> <span class='ocrx_word' id='word_1_32' title='bbox 510 614 599 679; x_wconf 87' lang='lat' dir='ltr'><strong>iis</strong></span> <span class='ocrx_word' id='word_1_33' title='bbox 644 615 1061 699; x_wconf 86' lang='lat' dir='ltr'><strong>potissimum</strong></span> <span class='ocrx_word' id='word_1_34' title='bbox 1106 638 1233 681; x_wconf 82' lang='lat' dir='ltr'><strong>vox</strong></span> <span class='ocrx_word' id='word_1_35' title='bbox 1275 617 1438 681; x_wconf 88' lang='lat' dir='ltr'><strong>haec</strong></span> <span class='ocrx_word' id='word_1_36' title='bbox 1484 617 1743 701; x_wconf 85' lang='lat' dir='ltr'><strong>serviat,</strong></span> <span class='ocrx_word' id='word_1_37' title='bbox 1791 640 2068 702; x_wconf 89' lang='lat' dir='ltr'><strong>quorum</strong></span> 
     </span>
    </p>
   </div>
   <div class='ocr_carea' id='block_1_3' title="bbox 98 702 2138 889">
    <p class='ocr_par' dir='ltr' id='par_1_3' title="bbox 98 702 2138 889">
     <span class='ocr_line' id='line_1_6' title="bbox 98 702 2062 788; baseline 0.006 -30"><span class='ocrx_word' id='word_1_38' title='bbox 98 711 265 781; x_wconf 73' lang='lat' dir='ltr'><strong>supera</strong></span> <span class='ocrx_word' id='word_1_39' title='bbox 282 705 345 764; x_wconf 81' lang='lat' dir='ltr'><strong>et</strong></span> <span class='ocrx_word' id='word_1_40' title='bbox 376 702 537 766; x_wconf 90' lang='lat' dir='ltr'><strong>mihi</strong></span> <span class='ocrx_word' id='word_1_41' title='bbox 574 707 645 767; x_wconf 92' lang='lat' dir='ltr'><strong>et</strong></span> <span class='ocrx_word' id='word_1_42' title='bbox 668 704 855 769; x_wconf 83' lang='lat' dir='ltr'><strong>vobis</strong></span> <span class='ocrx_word' id='word_1_43' title='bbox 895 708 961 768; x_wconf 88' lang='lat' dir='ltr'><strong>et</strong></span> <span class='ocrx_word' id='word_1_44' title='bbox 996 705 1239 788; x_wconf 86' lang='lat' dir='ltr'><strong>populo</strong></span> <span class='ocrx_word' id='word_1_45' title='bbox 1268 704 1566 769; x_wconf 83' lang='lat' dir='ltr'><strong>Romano</strong></span> <span class='ocrx_word' id='word_1_46' title='bbox 1603 706 1913 770; x_wconf 87' lang='lat' dir='ltr'><strong>restituta</strong></span> <span class='ocrx_word' id='word_1_47' title='bbox 1950 709 2062 770; x_wconf 87' lang='lat' dir='ltr'><strong>est.</strong></span> 
     </span>
     <span class='ocr_line' id='line_1_7' title="bbox 208 750 2138 889; baseline 0.004 -38"><span class='ocrx_word' id='word_1_48' title='bbox 208 786 283 851; x_wconf 80' lang='lat' dir='ltr'><strong>Et</strong></span> <span class='ocrx_word' id='word_1_49' title='bbox 344 810 738 875; x_wconf 80' lang='lat' dir='ltr'><strong>quamquam</strong></span> <span class='ocrx_word' id='word_1_50' title='bbox 810 814 849 855; x_wconf 88' lang='lat' dir='ltr'><strong>a</strong></span> <span class='ocrx_word' id='word_1_51' title='bbox 913 791 989 868; x_wconf 84' lang='lat' dir='ltr'><strong>Q.</strong></span> <span class='ocrx_word' id='word_1_52' title='bbox 1052 792 1435 876; x_wconf 86' lang='lat' dir='ltr'><strong>HortensiO,</strong></span> <span class='ocrx_word' id='word_1_53' title='bbox 1497 794 1860 859; x_wconf 84' lang='lat' dir='ltr'><strong>clarissimo</strong></span> <span class='ocrx_word' id='word_1_54' title='bbox 1925 750 2138 889; x_wconf 57' lang='lat' dir='ltr'><strong>viro}</strong></span> 
     </span>
    </p>
   </div>
   <div class='ocr_carea' id='block_1_4' title="bbox 82 876 2069 1669">
    <p class='ocr_par' dir='ltr' id='par_1_4' title="bbox 82 876 2069 1669">
     <span class='ocr_line' id='line_1_8' title="bbox 126 876 2068 966; baseline 0.005 -31"><span class='ocrx_word' id='word_1_55' title='bbox 126 876 261 956; x_wconf 71' lang='lat' dir='ltr'><strong>atque</strong></span> <span class='ocrx_word' id='word_1_56' title='bbox 315 877 849 961; x_wconf 81' lang='lat' dir='ltr'><strong>eloquentissimo</strong></span> <span class='ocrx_word' id='word_1_57' title='bbox 855 931 873 964; x_wconf 89' lang='lat'><strong>,</strong></span> <span class='ocrx_word' id='word_1_58' title='bbox 946 902 1142 945; x_wconf 88' lang='lat' dir='ltr'><strong>causa</strong></span> <span class='ocrx_word' id='word_1_59' title='bbox 1214 885 1317 944; x_wconf 88' lang='lat' dir='ltr'><strong>est</strong></span> <span class='ocrx_word' id='word_1_60' title='bbox 1379 880 1451 944; x_wconf 92' lang='lat' dir='ltr'><strong>P.</strong></span> <span class='ocrx_word' id='word_1_61' title='bbox 1518 878 1693 945; x_wconf 84' lang='lat' dir='ltr'><strong>Sesti</strong></span> <span class='ocrx_word' id='word_1_62' title='bbox 1764 885 2068 966; x_wconf 85' lang='lat' dir='ltr'><strong>perorata</strong></span> 
     </span>
     <span class='ocr_line' id='line_1_9' title="bbox 124 961 2068 1053; baseline 0.004 -27"><span class='ocrx_word' id='word_1_63' title='bbox 124 961 337 1047; x_wconf 81' lang='lat' dir='ltr'><strong>nihilque</strong></span> <span class='ocrx_word' id='word_1_64' title='bbox 388 966 471 1030; x_wconf 84' lang='lat' dir='ltr'><strong>ab</strong></span> <span class='ocrx_word' id='word_1_65' title='bbox 530 988 609 1031; x_wconf 90' lang='lat' dir='ltr'><strong>eo</strong></span> <span class='ocrx_word' id='word_1_66' title='bbox 663 968 1198 1051; x_wconf 85' lang='lat' dir='ltr'><strong>praetermissum</strong></span> <span class='ocrx_word' id='word_1_67' title='bbox 1244 971 1374 1051; x_wconf 88' lang='lat' dir='ltr'><strong>est,</strong></span> <span class='ocrx_word' id='word_1_68' title='bbox 1429 969 1602 1052; x_wconf 86' lang='lat' dir='ltr'><strong>quod</strong></span> <span class='ocrx_word' id='word_1_69' title='bbox 1657 973 1771 1033; x_wconf 87' lang='lat' dir='ltr'><strong>aut</strong></span> <span class='ocrx_word' id='word_1_70' title='bbox 1822 991 1942 1053; x_wconf 89' lang='lat' dir='ltr'><strong>pro</strong></span> <span class='ocrx_word' id='word_1_71' title='bbox 1998 990 2068 1033; x_wconf 88' lang='lat' dir='ltr'><strong>re</strong></span> 
     </span>
     <span class='ocr_line' id='line_1_10' title="bbox 124 1050 2069 1141; baseline 0.004 -28"><span class='ocrx_word' id='word_1_72' title='bbox 124 1050 313 1129; x_wconf 81' lang='lat' dir='ltr'><strong>publica</strong></span> <span class='ocrx_word' id='word_1_73' title='bbox 352 1055 874 1137; x_wconf 79' lang='lat' dir='ltr'><strong>conquerendum</strong></span> <span class='ocrx_word' id='word_1_74' title='bbox 916 1055 1047 1119; x_wconf 79' lang='lat' dir='ltr'><strong>fuit</strong></span> <span class='ocrx_word' id='word_1_75' title='bbox 1092 1060 1209 1120; x_wconf 82' lang='lat' dir='ltr'><strong>aut</strong></span> <span class='ocrx_word' id='word_1_76' title='bbox 1249 1078 1372 1139; x_wconf 87' lang='lat' dir='ltr'><strong>pro</strong></span> <span class='ocrx_word' id='word_1_77' title='bbox 1417 1077 1528 1121; x_wconf 91' lang='lat' dir='ltr'><strong>reo</strong></span> <span class='ocrx_word' id='word_1_78' title='bbox 1589 1057 2069 1141; x_wconf 87' lang='lat' dir='ltr'><strong>disputandum,</strong></span> 
     </span>
     <span class='ocr_line' id='line_1_11' title="bbox 82 1139 2065 1229; baseline 0.004 -28"><span class='ocrx_word' id='word_1_79' title='bbox 82 1140 277 1203; x_wconf 67' lang='lat' dir='ltr'><strong>”tamen</strong></span> <span class='ocrx_word' id='word_1_80' title='bbox 323 1139 664 1227; x_wconf 82' lang='lat' dir='ltr'><strong>adgrediar</strong></span> <span class='ocrx_word' id='word_1_81' title='bbox 722 1144 803 1207; x_wconf 88' lang='lat' dir='ltr'><strong>ad</strong></span> <span class='ocrx_word' id='word_1_82' title='bbox 856 1143 1221 1227; x_wconf 87' lang='lat' dir='ltr'><strong>dicendum,</strong></span> <span class='ocrx_word' id='word_1_83' title='bbox 1283 1164 1366 1208; x_wconf 85' lang='lat' dir='ltr'><strong>ne</strong></span> <span class='ocrx_word' id='word_1_84' title='bbox 1428 1166 1576 1208; x_wconf 86' lang='lat' dir='ltr'><strong>mea</strong></span> <span class='ocrx_word' id='word_1_85' title='bbox 1625 1146 2065 1229; x_wconf 79' lang='lat' dir='ltr'>propugnatio</span> 
     </span>
     <span class='ocr_line' id='line_1_12' title="bbox 122 1224 2069 1317; baseline 0.001 -24"><span class='ocrx_word' id='word_1_86' title='bbox 122 1224 158 1285; x_wconf 79' lang='lat' dir='ltr'><strong>ei</strong></span> <span class='ocrx_word' id='word_1_87' title='bbox 190 1228 573 1308; x_wconf 74' lang='lat' dir='ltr'><strong>potissimum</strong></span> <span class='ocrx_word' id='word_1_88' title='bbox 630 1230 911 1295; x_wconf 74' lang='lat' dir='ltr'><strong>defuisse</strong></span> <span class='ocrx_word' id='word_1_89' title='bbox 966 1231 1290 1315; x_wconf 83' lang='lat' dir='ltr'><strong>videatur,</strong></span> <span class='ocrx_word' id='word_1_90' title='bbox 1352 1253 1470 1317; x_wconf 89' lang='lat' dir='ltr'><strong>per</strong></span> <span class='ocrx_word' id='word_1_91' title='bbox 1524 1253 1718 1315; x_wconf 90' lang='lat' dir='ltr'><strong>quem</strong></span> <span class='ocrx_word' id='word_1_92' title='bbox 1773 1235 1876 1296; x_wconf 89' lang='lat' dir='ltr'><strong>est</strong></span> <span class='ocrx_word' id='word_1_93' title='bbox 1926 1254 2069 1315; x_wconf 87' lang='lat' dir='ltr'><strong>per-</strong></span> 
     </span>
     <span class='ocr_line' id='line_1_13' title="bbox 120 1310 2066 1405; baseline 0.003 -28"><span class='ocrx_word' id='word_1_94' title='bbox 120 1310 315 1401; x_wconf 71' lang='lat' dir='ltr'><strong>fectum,</strong></span> <span class='ocrx_word' id='word_1_95' title='bbox 370 1338 451 1382; x_wconf 90' lang='lat' dir='ltr'><strong>ne</strong></span> <span class='ocrx_word' id='word_1_96' title='bbox 518 1318 759 1383; x_wconf 83' lang='lat' dir='ltr'><strong>ceteris</strong></span> <span class='ocrx_word' id='word_1_97' title='bbox 810 1318 1061 1383; x_wconf 77' lang='lat' dir='ltr'><strong>civibus</strong></span> <span class='ocrx_word' id='word_1_98' title='bbox 1125 1319 1396 1383; x_wconf 90' lang='lat' dir='ltr'><strong>deesset.</strong></span> <span class='ocrx_word' id='word_1_99' title='bbox 1499 1318 1720 1403; x_wconf 89' lang='lat' dir='ltr'><strong>Atque</strong></span> <span class='ocrx_word' id='word_1_100' title='bbox 1785 1340 1908 1405; x_wconf 88' lang='lat' dir='ltr'><strong>ego</strong></span> <span class='ocrx_word' id='word_1_101' title='bbox 1972 1318 2066 1383; x_wconf 93' lang='lat' dir='ltr'><strong>sic</strong></span> 
     </span>
     <span class='ocr_line' id='line_1_14' title="bbox 120 1404 2066 1491; baseline 0.004 -27"><span class='ocrx_word' id='word_1_102' title='bbox 120 1404 291 1487; x_wconf 73' lang='lat' dir='ltr'><strong>statuo,</strong></span> <span class='ocrx_word' id='word_1_103' title='bbox 328 1405 594 1490; x_wconf 85' lang='lat' dir='ltr'><strong>iudices,</strong></span> <span class='ocrx_word' id='word_1_104' title='bbox 638 1426 681 1469; x_wconf 87' lang='lat' dir='ltr'><strong>a</strong></span> <span class='ocrx_word' id='word_1_105' title='bbox 714 1428 819 1471; x_wconf 88' lang='lat' dir='ltr'><strong>me</strong></span> <span class='ocrx_word' id='word_1_106' title='bbox 861 1407 933 1471; x_wconf 93' lang='lat' dir='ltr'><strong>in</strong></span> <span class='ocrx_word' id='word_1_107' title='bbox 970 1407 1096 1471; x_wconf 91' lang='lat' dir='ltr'><strong>hac</strong></span> <span class='ocrx_word' id='word_1_108' title='bbox 1131 1428 1328 1472; x_wconf 90' lang='lat' dir='ltr'><strong>causa</strong></span> <span class='ocrx_word' id='word_1_109' title='bbox 1374 1411 1570 1491; x_wconf 87' lang='lat' dir='ltr'><strong>atque</strong></span> <span class='ocrx_word' id='word_1_110' title='bbox 1603 1408 1730 1472; x_wconf 86' lang='lat' dir='ltr'><strong>hoc</strong></span> <span class='ocrx_word' id='word_1_111' title='bbox 1775 1412 2066 1471; x_wconf 84' lang='lat' dir='ltr'><strong>extremo</strong></span> 
     </span>
     <span class='ocr_line' id='line_1_15' title="bbox 120 1486 2068 1579; baseline 0.005 -29"><span class='ocrx_word' id='word_1_112' title='bbox 120 1486 299 1555; x_wconf 85' lang='lat' dir='ltr'><strong>dicendi</strong></span> <span class='ocrx_word' id='word_1_113' title='bbox 353 1493 497 1558; x_wconf 87' lang='lat' dir='ltr'><strong>loco</strong></span> <span class='ocrx_word' id='word_1_114' title='bbox 564 1492 831 1577; x_wconf 87' lang='lat' dir='ltr'><strong>pietatis</strong></span> <span class='ocrx_word' id='word_1_115' title='bbox 886 1494 1111 1579; x_wconf 90' lang='lat' dir='ltr'><strong>potius</strong></span> <span class='ocrx_word' id='word_1_116' title='bbox 1174 1516 1373 1578; x_wconf 84' lang='lat' dir='ltr'><strong>quam</strong></span> <span class='ocrx_word' id='word_1_117' title='bbox 1437 1494 1856 1579; x_wconf 84' lang='lat' dir='ltr'><strong>defensionis,</strong></span> <span class='ocrx_word' id='word_1_118' title='bbox 1919 1516 2068 1578; x_wconf 87' lang='lat' dir='ltr'><strong>que-</strong></span> 
     </span>
     <span class='ocr_line' id='line_1_16' title="bbox 82 1576 2064 1669; baseline 0.002 -26"><span class='ocrx_word' id='word_1_119' title='bbox 82 1590 104 1629; x_wconf 78' lang='lat'><strong>¹⁵</strong></span> <span class='ocrx_word' id='word_1_120' title='bbox 118 1576 253 1642; x_wconf 75' lang='lat' dir='ltr'><strong>rellae</strong></span> <span class='ocrx_word' id='word_1_121' title='bbox 291 1602 479 1664; x_wconf 85' lang='lat' dir='ltr'><strong>quam</strong></span> <span class='ocrx_word' id='word_1_122' title='bbox 533 1582 969 1666; x_wconf 90' lang='lat' dir='ltr'><strong>eloquentiae,</strong></span> <span class='ocrx_word' id='word_1_123' title='bbox 1022 1583 1267 1647; x_wconf 90' lang='lat' dir='ltr'><strong>doloris</strong></span> <span class='ocrx_word' id='word_1_124' title='bbox 1315 1603 1512 1665; x_wconf 88' lang='lat' dir='ltr'><strong>quam</strong></span> <span class='ocrx_word' id='word_1_125' title='bbox 1564 1583 1812 1669; x_wconf 86' lang='lat' dir='ltr'><strong>ingenii</strong></span> <span class='ocrx_word' id='word_1_126' title='bbox 1855 1583 2064 1667; x_wconf 73' lang='lat' dir='ltr'><strong>partin</strong></span> 
     </span>
    </p>
   </div>
   <div class='ocr_carea' id='block_1_5' title="bbox 117 1669 2136 1755">
    <p class='ocr_par' dir='ltr' id='par_1_5' title="bbox 117 1669 2136 1755">
     <span class='ocr_line' id='line_1_17' title="bbox 117 1669 2136 1755; baseline 0.004 -28"><span class='ocrx_word' id='word_1_127' title='bbox 117 1682 207 1727; x_wconf 74' lang='grc'><strong>6166</strong></span> <span class='ocrx_word' id='word_1_128' title='bbox 242 1673 585 1753; x_wconf 78' lang='lat' dir='ltr'><strong>susceptas.</strong></span> <span class='ocrx_word' id='word_1_129' title='bbox 674 1669 903 1755; x_wconf 77' lang='lat' dir='ltr'><strong>Itaque</strong></span> <span class='ocrx_word' id='word_1_130' title='bbox 961 1671 1018 1735; x_wconf 92' lang='lat' dir='ltr'><strong>si</strong></span> <span class='ocrx_word' id='word_1_131' title='bbox 1064 1675 1180 1735; x_wconf 87' lang='lat' dir='ltr'><strong>aut</strong></span> <span class='ocrx_word' id='word_1_132' title='bbox 1224 1671 1437 1735; x_wconf 89' lang='lat' dir='ltr'><strong>acrius</strong></span> <span class='ocrx_word' id='word_1_133' title='bbox 1499 1692 1692 1755; x_wconf 87' lang='lat' dir='ltr'><strong>egero</strong></span> <span class='ocrx_word' id='word_1_134' title='bbox 1741 1674 1856 1735; x_wconf 83' lang='lat' dir='ltr'><strong>aut</strong></span> <span class='ocrx_word' id='word_1_135' title='bbox 1908 1670 2064 1735; x_wconf 89' lang='lat' dir='ltr'><strong>libe·</strong></span> <span class='ocrx_word' id='word_1_136' title='bbox 2100 1672 2136 1722; x_wconf 82' lang='grc'>4</span> 
     </span>
    </p>
   </div>
   <div class='ocr_carea' id='block_1_6' title="bbox 114 1750 2068 1930">
    <p class='ocr_par' dir='ltr' id='par_1_6' title="bbox 114 1750 2068 1930">
     <span class='ocr_line' id='line_1_18' title="bbox 114 1750 2068 1843; baseline 0.004 -29"><span class='ocrx_word' id='word_1_137' title='bbox 114 1750 225 1836; x_wconf 70' lang='lat' dir='ltr'><strong>tine,</strong></span> <span class='ocrx_word' id='word_1_138' title='bbox 274 1777 463 1840; x_wconf 83' lang='lat' dir='ltr'><strong>quam</strong></span> <span class='ocrx_word' id='word_1_139' title='bbox 512 1757 628 1841; x_wconf 87' lang='lat' dir='ltr'><strong>qui</strong></span> <span class='ocrx_word' id='word_1_140' title='bbox 681 1762 833 1823; x_wconf 86' lang='lat' dir='ltr'><strong>ante</strong></span> <span class='ocrx_word' id='word_1_141' title='bbox 887 1780 992 1823; x_wconf 91' lang='lat' dir='ltr'><strong>me</strong></span> <span class='ocrx_word' id='word_1_142' title='bbox 1038 1758 1366 1843; x_wconf 86' lang='lat' dir='ltr'><strong>dixerunt,</strong></span> <span class='ocrx_word' id='word_1_143' title='bbox 1429 1762 1583 1842; x_wconf 87' lang='lat' dir='ltr'><strong>peto</strong></span> <span class='ocrx_word' id='word_1_144' title='bbox 1631 1780 1670 1823; x_wconf 87' lang='lat' dir='ltr'><strong>a</strong></span> <span class='ocrx_word' id='word_1_145' title='bbox 1713 1758 1930 1840; x_wconf 82' lang='lat' dir='ltr'><strong>vobis,</strong></span> <span class='ocrx_word' id='word_1_146' title='bbox 1990 1762 2068 1822; x_wconf 88' lang='lat' dir='ltr'><strong>ut</strong></span> 
     </span>
     <span class='ocr_line' id='line_1_19' title="bbox 116 1842 2066 1930; baseline 0.004 -27"><span class='ocrx_word' id='word_1_147' title='bbox 116 1842 307 1907; x_wconf 69' lang='lat' dir='ltr'><strong>lantum</strong></span> <span class='ocrx_word' id='word_1_148' title='bbox 365 1845 654 1910; x_wconf 83' lang='lat' dir='ltr'><strong>orationi</strong></span> <span class='ocrx_word' id='word_1_149' title='bbox 725 1868 907 1911; x_wconf 89' lang='lat' dir='ltr'><strong>meae</strong></span> <span class='ocrx_word' id='word_1_150' title='bbox 971 1846 1370 1930; x_wconf 84' lang='lat' dir='ltr'><strong>concedatis,</strong></span> <span class='ocrx_word' id='word_1_151' title='bbox 1444 1850 1762 1930; x_wconf 88' lang='lat' dir='ltr'><strong>quantum</strong></span> <span class='ocrx_word' id='word_1_152' title='bbox 1827 1850 1893 1910; x_wconf 91' lang='lat' dir='ltr'><strong>et</strong></span> <span class='ocrx_word' id='word_1_153' title='bbox 1955 1847 2066 1929; x_wconf 90' lang='lat' dir='ltr'><strong>pio</strong></span> 
     </span>
    </p>
   </div>
   <div class='ocr_carea' id='block_1_7' title="bbox 116 1924 2207 2018">
    <p class='ocr_par' dir='ltr' id='par_1_7' title="bbox 116 1924 2207 2018">
     <span class='ocr_line' id='line_1_20' title="bbox 116 1924 2207 2018; baseline 0.005 -29"><span class='ocrx_word' id='word_1_154' title='bbox 116 1924 263 1994; x_wconf 86' lang='lat' dir='ltr'><strong>dolori</strong></span> <span class='ocrx_word' id='word_1_155' title='bbox 294 1938 357 1997; x_wconf 92' lang='lat' dir='ltr'><strong>et</strong></span> <span class='ocrx_word' id='word_1_156' title='bbox 389 1933 609 1999; x_wconf 85' lang='lat' dir='ltr'><strong>iustae</strong></span> <span class='ocrx_word' id='word_1_157' title='bbox 644 1933 1016 2000; x_wconf 82' lang='lat' dir='ltr'><strong>iracundiae</strong></span> <span class='ocrx_word' id='word_1_158' title='bbox 1053 1934 1528 2000; x_wconf 88' lang='lat' dir='ltr'><strong>concedendum</strong></span> <span class='ocrx_word' id='word_1_159' title='bbox 1564 1934 1828 2018; x_wconf 77' lang='lat' dir='ltr'><strong>putetis,</strong></span> <span class='ocrx_word' id='word_1_160' title='bbox 1893 1932 2068 2000; x_wconf 88' lang='lat' dir='ltr'><strong>Nam</strong></span> <span class='ocrx_word' id='word_1_161' title='bbox 2203 2012 2207 2016; x_wconf 9' lang='lat' dir='ltr'><strong>p</strong></span> 
     </span>
    </p>
   </div>
   <div class='ocr_carea' id='block_1_8' title="bbox 82 2021 2070 2458">
    <p class='ocr_par' dir='ltr' id='par_1_8' title="bbox 82 2021 2070 2458">
     <span class='ocr_line' id='line_1_21' title="bbox 82 2021 2068 2112; baseline 0.003 -31"><span class='ocrx_word' id='word_1_162' title='bbox 82 2031 261 2112; x_wconf 63' lang='grc'><strong>»11611116</strong></span> <span class='ocrx_word' id='word_1_163' title='bbox 290 2021 507 2088; x_wconf 83' lang='lat' dir='ltr'><strong>officio</strong></span> <span class='ocrx_word' id='word_1_164' title='bbox 548 2022 955 2088; x_wconf 85' lang='lat' dir='ltr'><strong>coniunctior</strong></span> <span class='ocrx_word' id='word_1_165' title='bbox 995 2023 1186 2088; x_wconf 88' lang='lat' dir='ltr'><strong>dolor</strong></span> <span class='ocrx_word' id='word_1_166' title='bbox 1216 2023 1390 2086; x_wconf 88' lang='lat' dir='ltr'><strong>ullus</strong></span> <span class='ocrx_word' id='word_1_167' title='bbox 1429 2044 1570 2087; x_wconf 89' lang='lat' dir='ltr'><strong>esse</strong></span> <span class='ocrx_word' id='word_1_168' title='bbox 1603 2026 1828 2106; x_wconf 87' lang='lat' dir='ltr'><strong>potest</strong></span> <span class='ocrx_word' id='word_1_169' title='bbox 1873 2043 2068 2106; x_wconf 88' lang='lat' dir='ltr'><strong>quam</strong></span> 
     </span>
     <span class='ocr_line' id='line_1_22' title="bbox 114 2099 2068 2194; baseline 0.003 -27"><span class='ocrx_word' id='word_1_170' title='bbox 114 2099 183 2167; x_wconf 83' lang='lat' dir='ltr'><strong>luc</strong></span> <span class='ocrx_word' id='word_1_171' title='bbox 214 2127 375 2173; x_wconf 86' lang='lat' dir='ltr'><strong>meus</strong></span> <span class='ocrx_word' id='word_1_172' title='bbox 420 2114 767 2194; x_wconf 83' lang='lat' dir='ltr'><strong>susceptus</strong></span> <span class='ocrx_word' id='word_1_173' title='bbox 813 2132 890 2174; x_wconf 85' lang='lat' dir='ltr'><strong>ex</strong></span> <span class='ocrx_word' id='word_1_174' title='bbox 939 2111 1223 2176; x_wconf 84' lang='lat' dir='ltr'><strong>hominis</strong></span> <span class='ocrx_word' id='word_1_175' title='bbox 1271 2111 1350 2174; x_wconf 87' lang='lat' dir='ltr'><strong>dc</strong></span> <span class='ocrx_word' id='word_1_176' title='bbox 1395 2132 1500 2174; x_wconf 89' lang='lat' dir='ltr'><strong>me</strong></span> <span class='ocrx_word' id='word_1_177' title='bbox 1547 2110 1793 2194; x_wconf 87' lang='lat' dir='ltr'><strong>optime</strong></span> <span class='ocrx_word' id='word_1_178' title='bbox 1849 2110 2068 2173; x_wconf 90' lang='lat' dir='ltr'><strong>meriti</strong></span> 
     </span>
     <span class='ocr_line' id='line_1_23' title="bbox 114 2193 2070 2283; baseline 0.001 -24"><span class='ocrx_word' id='word_1_179' title='bbox 114 2193 348 2280; x_wconf 78' lang='lat' dir='ltr'><strong>periculo,</strong></span> <span class='ocrx_word' id='word_1_180' title='bbox 378 2219 597 2282; x_wconf 90' lang='lat' dir='ltr'><strong>neque</strong></span> <span class='ocrx_word' id='word_1_181' title='bbox 622 2197 957 2263; x_wconf 84' lang='lat' dir='ltr'><strong>iracundia</strong></span> <span class='ocrx_word' id='word_1_182' title='bbox 981 2199 1193 2283; x_wconf 84' lang='lat' dir='ltr'><strong>magis</strong></span> <span class='ocrx_word' id='word_1_183' title='bbox 1220 2199 1358 2262; x_wconf 88' lang='lat' dir='ltr'><strong>ulla</strong></span> <span class='ocrx_word' id='word_1_184' title='bbox 1392 2197 1715 2262; x_wconf 87' lang='lat' dir='ltr'><strong>laudanda</strong></span> <span class='ocrx_word' id='word_1_185' title='bbox 1741 2201 1844 2262; x_wconf 87' lang='lat' dir='ltr'><strong>est</strong></span> <span class='ocrx_word' id='word_1_186' title='bbox 1872 2218 2070 2281; x_wconf 92' lang='lat' dir='ltr'><strong>quam</strong></span> 
     </span>
     <span class='ocr_line' id='line_1_24' title="bbox 116 2282 2068 2370; baseline 0.003 -26"><span class='ocrx_word' id='word_1_187' title='bbox 116 2297 211 2344; x_wconf 72' lang='grc'><strong>11161</strong></span> <span class='ocrx_word' id='word_1_188' title='bbox 232 2282 629 2350; x_wconf 78' lang='lat' dir='ltr'><strong>inflammata</strong></span> <span class='ocrx_word' id='word_1_189' title='bbox 660 2307 884 2351; x_wconf 89' lang='lat' dir='ltr'><strong>eorum</strong></span> <span class='ocrx_word' id='word_1_190' title='bbox 918 2287 1183 2370; x_wconf 86' lang='lat' dir='ltr'><strong>scelere,</strong></span> <span class='ocrx_word' id='word_1_191' title='bbox 1224 2285 1337 2370; x_wconf 89' lang='lat' dir='ltr'><strong>qui</strong></span> <span class='ocrx_word' id='word_1_192' title='bbox 1369 2305 1516 2350; x_wconf 90' lang='lat' dir='ltr'><strong>cum</strong></span> <span class='ocrx_word' id='word_1_193' title='bbox 1550 2285 1851 2351; x_wconf 89' lang='lat' dir='ltr'><strong>omnibus</strong></span> <span class='ocrx_word' id='word_1_194' title='bbox 1889 2306 2068 2350; x_wconf 87' lang='lat' dir='ltr'><strong>meae</strong></span> 
     </span>
     <span class='ocr_line' id='line_1_25' title="bbox 116 2367 2070 2458; baseline 0.003 -26"><span class='ocrx_word' id='word_1_195' title='bbox 116 2367 281 2435; x_wconf 74' lang='lat' dir='ltr'><strong>salutis</strong></span> <span class='ocrx_word' id='word_1_196' title='bbox 311 2373 765 2440; x_wconf 69' lang='lat' dir='ltr'><strong>defensoribus</strong></span> <span class='ocrx_word' id='word_1_197' title='bbox 808 2374 1056 2438; x_wconf 90' lang='lat' dir='ltr'><strong>bellum</strong></span> <span class='ocrx_word' id='word_1_198' title='bbox 1092 2393 1232 2438; x_wconf 86' lang='lat' dir='ltr'><strong>esse</strong></span> <span class='ocrx_word' id='word_1_199' title='bbox 1272 2373 1399 2438; x_wconf 87' lang='lat' dir='ltr'><strong>sibi</strong></span> <span class='ocrx_word' id='word_1_200' title='bbox 1436 2374 1789 2458; x_wconf 85' lang='lat' dir='ltr'><strong>gerendum</strong></span> <span class='ocrx_word' id='word_1_201' title='bbox 1833 2373 2070 2438; x_wconf 84' lang='lat' dir='ltr'><strong>iudica—</strong></span> 
     </span>
    </p>
   </div>
   <div class='ocr_carea' id='block_1_9' title="bbox 82 2460 2136 2547">
    <p class='ocr_par' dir='ltr' id='par_1_9' title="bbox 82 2460 2136 2547">
     <span class='ocr_line' id='line_1_26' title="bbox 82 2460 2136 2547; baseline 0.007 -31"><span class='ocrx_word' id='word_1_202' title='bbox 82 2464 297 2523; x_wconf 71' lang='lat' dir='ltr'><strong>nerunt.</strong></span> <span class='ocrx_word' id='word_1_203' title='bbox 381 2460 517 2527; x_wconf 87' lang='lat' dir='ltr'><strong>Sed</strong></span> <span class='ocrx_word' id='word_1_204' title='bbox 570 2462 878 2545; x_wconf 84' lang='lat' dir='ltr'><strong>quoniam</strong></span> <span class='ocrx_word' id='word_1_205' title='bbox 942 2462 1217 2547; x_wconf 83' lang='lat' dir='ltr'><strong>singulis</strong></span> <span class='ocrx_word' id='word_1_206' title='bbox 1274 2462 1654 2525; x_wconf 82' lang='lat' dir='ltr'><strong>criminibus</strong></span> <span class='ocrx_word' id='word_1_207' title='bbox 1710 2461 1910 2525; x_wconf 86' lang='lat' dir='ltr'><strong>ceteri</strong></span> <span class='ocrx_word' id='word_1_208' title='bbox 1973 2483 2066 2527; x_wconf 88' lang='lat' dir='ltr'><strong>re·</strong></span> <span class='ocrx_word' id='word_1_209' title='bbox 2103 2479 2136 2530; x_wconf 81' lang='lat'><strong>5</strong></span> 
     </span>
    </p>
   </div>
   <div class='ocr_carea' id='block_1_10' title="bbox 82 2545 2072 3667">
    <p class='ocr_par' dir='ltr' id='par_1_10' title="bbox 82 2545 2072 3667">
     <span class='ocr_line' id='line_1_27' title="bbox 116 2545 2068 2634; baseline 0.003 -25"><span class='ocrx_word' id='word_1_210' title='bbox 116 2545 472 2633; x_wconf 73' lang='lat' dir='ltr'><strong>spondcrunt,</strong></span> <span class='ocrx_word' id='word_1_211' title='bbox 538 2549 749 2614; x_wconf 85' lang='lat' dir='ltr'><strong>dicam</strong></span> <span class='ocrx_word' id='word_1_212' title='bbox 804 2570 925 2634; x_wconf 85' lang='lat' dir='ltr'><strong>ego</strong></span> <span class='ocrx_word' id='word_1_213' title='bbox 991 2550 1069 2614; x_wconf 90' lang='lat' dir='ltr'><strong>de</strong></span> <span class='ocrx_word' id='word_1_214' title='bbox 1124 2550 1303 2615; x_wconf 87' lang='lat' dir='ltr'><strong>omni</strong></span> <span class='ocrx_word' id='word_1_215' title='bbox 1366 2553 1547 2613; x_wconf 86' lang='lat' dir='ltr'><strong>statu</strong></span> <span class='ocrx_word' id='word_1_216' title='bbox 1601 2547 1674 2612; x_wconf 93' lang='lat' dir='ltr'><strong>P.</strong></span> <span class='ocrx_word' id='word_1_217' title='bbox 1731 2545 1931 2632; x_wconf 85' lang='lat' dir='ltr'><strong>Sesti,</strong></span> <span class='ocrx_word' id='word_1_218' title='bbox 1991 2550 2068 2614; x_wconf 85' lang='lat' dir='ltr'><strong>de</strong></span> 
     </span>
     <span class='ocr_line' id='line_1_28' title="bbox 116 2636 2070 2720; baseline 0.004 -26"><span class='ocrx_word' id='word_1_219' title='bbox 116 2649 281 2710; x_wconf 71' lang='lat' dir='ltr'><strong>genere</strong></span> <span class='ocrx_word' id='word_1_220' title='bbox 327 2637 511 2701; x_wconf 80' lang='lat' dir='ltr'><strong>vitae</strong></span> <span class='ocrx_word' id='word_1_221' title='bbox 518 2686 536 2720; x_wconf 84' lang='lat'><strong>,</strong></span> <span class='ocrx_word' id='word_1_222' title='bbox 600 2638 679 2702; x_wconf 82' lang='lat' dir='ltr'><strong>de</strong></span> <span class='ocrx_word' id='word_1_223' title='bbox 729 2641 992 2720; x_wconf 85' lang='lat' dir='ltr'><strong>natura,</strong></span> <span class='ocrx_word' id='word_1_224' title='bbox 1056 2638 1133 2701; x_wconf 88' lang='lat' dir='ltr'><strong>de</strong></span> <span class='ocrx_word' id='word_1_225' title='bbox 1186 2637 1507 2720; x_wconf 78' lang='lat' dir='ltr'><strong>moribus,</strong></span> <span class='ocrx_word' id='word_1_226' title='bbox 1570 2636 1648 2700; x_wconf 88' lang='lat' dir='ltr'><strong>de</strong></span> <span class='ocrx_word' id='word_1_227' title='bbox 1701 2636 2070 2701; x_wconf 84' lang='lat' dir='ltr'><strong>incredibili</strong></span> 
     </span>
     <span class='ocr_line' id='line_1_29' title="bbox 114 2724 2070 2808; baseline 0.004 -27"><span class='ocrx_word' id='word_1_228' title='bbox 114 2735 270 2786; x_wconf 80' lang='lat' dir='ltr'><strong>amore</strong></span> <span class='ocrx_word' id='word_1_229' title='bbox 310 2725 378 2789; x_wconf 90' lang='lat' dir='ltr'><strong>in</strong></span> <span class='ocrx_word' id='word_1_230' title='bbox 420 2725 663 2808; x_wconf 90' lang='lat' dir='ltr'><strong>bonos,</strong></span> <span class='ocrx_word' id='word_1_231' title='bbox 708 2725 787 2790; x_wconf 89' lang='lat' dir='ltr'><strong>de</strong></span> <span class='ocrx_word' id='word_1_232' title='bbox 833 2724 1053 2790; x_wconf 88' lang='lat' dir='ltr'><strong>studio</strong></span> <span class='ocrx_word' id='word_1_233' title='bbox 1098 2725 1572 2790; x_wconf 83' lang='lat' dir='ltr'><strong>conservandae</strong></span> <span class='ocrx_word' id='word_1_234' title='bbox 1621 2724 1853 2789; x_wconf 91' lang='lat' dir='ltr'><strong>salutis</strong></span> <span class='ocrx_word' id='word_1_235' title='bbox 1900 2747 2070 2791; x_wconf 91' lang='lat' dir='ltr'><strong>com·</strong></span> 
     </span>
     <span class='ocr_line' id='line_1_30' title="bbox 114 2809 2070 2896; baseline 0.001 -23"><span class='ocrx_word' id='word_1_236' title='bbox 114 2809 267 2873; x_wconf 74' lang='lat' dir='ltr'><strong>munis</strong></span> <span class='ocrx_word' id='word_1_237' title='bbox 308 2817 509 2896; x_wconf 81' lang='lat' dir='ltr'><strong>atque</strong></span> <span class='ocrx_word' id='word_1_238' title='bbox 554 2812 676 2877; x_wconf 83' lang='lat' dir='ltr'><strong>otii</strong></span> <span class='ocrx_word' id='word_1_239' title='bbox 722 2813 1252 2896; x_wconf 87' lang='lat' dir='ltr'><strong>contendamque,</strong></span> <span class='ocrx_word' id='word_1_240' title='bbox 1305 2812 1363 2877; x_wconf 88' lang='lat' dir='ltr'><strong>si</strong></span> <span class='ocrx_word' id='word_1_241' title='bbox 1408 2813 1600 2876; x_wconf 91' lang='lat' dir='ltr'><strong>modo</strong></span> <span class='ocrx_word' id='word_1_242' title='bbox 1647 2812 1715 2875; x_wconf 89' lang='lat' dir='ltr'><strong>id</strong></span> <span class='ocrx_word' id='word_1_243' title='bbox 1761 2813 2070 2895; x_wconf 91' lang='lat' dir='ltr'><strong>consequi</strong></span> 
     </span>
     <span class='ocr_line' id='line_1_31' title="bbox 82 2897 2068 2984; baseline 0.001 -23"><span class='ocrx_word' id='word_1_244' title='bbox 82 2897 305 2982; x_wconf 68' lang='grc' dir='ltr'><strong>Ῥοὲοτο,</strong></span> <span class='ocrx_word' id='word_1_245' title='bbox 352 2905 433 2965; x_wconf 89' lang='lat' dir='ltr'><strong>ut</strong></span> <span class='ocrx_word' id='word_1_246' title='bbox 474 2901 552 2965; x_wconf 89' lang='lat' dir='ltr'><strong>in</strong></span> <span class='ocrx_word' id='word_1_247' title='bbox 590 2900 715 2966; x_wconf 81' lang='lat' dir='ltr'><strong>hac</strong></span> <span class='ocrx_word' id='word_1_248' title='bbox 768 2900 1039 2966; x_wconf 79' lang='lat' dir='ltr'><strong>confusa</strong></span> <span class='ocrx_word' id='word_1_249' title='bbox 1091 2905 1290 2984; x_wconf 76' lang='lat' dir='ltr'><strong>atque</strong></span> <span class='ocrx_word' id='word_1_250' title='bbox 1341 2901 1644 2964; x_wconf 82' lang='lat' dir='ltr'><strong>universa</strong></span> <span class='ocrx_word' id='word_1_251' title='bbox 1699 2899 2068 2964; x_wconf 88' lang='lat' dir='ltr'><strong>defensione</strong></span> 
     </span>
     <span class='ocr_line' id='line_1_32' title="bbox 112 2979 2071 3072; baseline 0.001 -25"><span class='ocrx_word' id='word_1_252' title='bbox 112 2979 225 3046; x_wconf 73' lang='lat' dir='ltr'><strong>nihil</strong></span> <span class='ocrx_word' id='word_1_253' title='bbox 260 3008 299 3050; x_wconf 81' lang='lat' dir='ltr'><strong>a</strong></span> <span class='ocrx_word' id='word_1_254' title='bbox 330 3009 453 3071; x_wconf 84' lang='lat' dir='ltr'><strong>me,</strong></span> <span class='ocrx_word' id='word_1_255' title='bbox 503 2989 676 3070; x_wconf 88' lang='lat' dir='ltr'><strong>quod</strong></span> <span class='ocrx_word' id='word_1_256' title='bbox 712 2989 793 3053; x_wconf 90' lang='lat' dir='ltr'><strong>ad</strong></span> <span class='ocrx_word' id='word_1_257' title='bbox 836 2992 1123 3053; x_wconf 83' lang='lat' dir='ltr'><strong>vestram</strong></span> <span class='ocrx_word' id='word_1_258' title='bbox 1161 2989 1624 3072; x_wconf 89' lang='lat' dir='ltr'><strong>quaestionem,</strong></span> <span class='ocrx_word' id='word_1_259' title='bbox 1667 2987 1852 3070; x_wconf 85' lang='lat' dir='ltr'><strong>nihil,</strong></span> <span class='ocrx_word' id='word_1_260' title='bbox 1898 2986 2071 3070; x_wconf 89' lang='lat' dir='ltr'><strong>quod</strong></span> 
     </span>
     <span class='ocr_line' id='line_1_33' title="bbox 114 3067 2070 3168; baseline -0.002 -28"><span class='ocrx_word' id='word_1_261' title='bbox 114 3067 353 3168; x_wconf 54' lang='lat' dir='ltr'><strong>Ulmum,</strong></span> <span class='ocrx_word' id='word_1_262' title='bbox 376 3075 568 3159; x_wconf 87' lang='lat' dir='ltr'><strong>nihil,</strong></span> <span class='ocrx_word' id='word_1_263' title='bbox 595 3077 765 3160; x_wconf 90' lang='lat' dir='ltr'><strong>quod</strong></span> <span class='ocrx_word' id='word_1_264' title='bbox 793 3077 875 3142; x_wconf 84' lang='lat' dir='ltr'><strong>ad</strong></span> <span class='ocrx_word' id='word_1_265' title='bbox 897 3075 1392 3162; x_wconf 75' lang='lat' dir='ltr'><strong>rempublicam</strong></span> <span class='ocrx_word' id='word_1_266' title='bbox 1417 3076 1761 3160; x_wconf 75' lang='lat' dir='ltr'><strong>pertineat,</strong></span> <span class='ocrx_word' id='word_1_267' title='bbox 1787 3077 2070 3158; x_wconf 88' lang='lat' dir='ltr'><strong>praeter-</strong></span> 
     </span>
     <span class='ocr_line' id='line_1_34' title="bbox 114 3160 2070 3248; baseline -0.002 -21"><span class='ocrx_word' id='word_1_268' title='bbox 114 3173 323 3226; x_wconf 76' lang='lat' dir='ltr'><strong>mlssum</strong></span> <span class='ocrx_word' id='word_1_269' title='bbox 382 3185 531 3228; x_wconf 86' lang='lat' dir='ltr'><strong>esse</strong></span> <span class='ocrx_word' id='word_1_270' title='bbox 592 3164 901 3231; x_wconf 84' lang='lat' dir='ltr'><strong>videatur.</strong></span> <span class='ocrx_word' id='word_1_271' title='bbox 1008 3163 1103 3229; x_wconf 81' lang='lat' dir='ltr'><strong>Et</strong></span> <span class='ocrx_word' id='word_1_272' title='bbox 1166 3164 1474 3247; x_wconf 87' lang='lat' dir='ltr'><strong>quoniam</strong></span> <span class='ocrx_word' id='word_1_273' title='bbox 1536 3163 1606 3227; x_wconf 91' lang='lat' dir='ltr'><strong>in</strong></span> <span class='ocrx_word' id='word_1_274' title='bbox 1664 3160 2070 3248; x_wconf 79' lang='lat' dir='ltr'><strong>gravissimis</strong></span> 
     </span>
     <span class='ocr_line' id='line_1_35' title="bbox 116 3243 2070 3340; baseline -0.002 -25"><span class='ocrx_word' id='word_1_275' title='bbox 116 3243 459 3340; x_wconf 39' lang='lat' dir='ltr'><strong>emporibus</strong></span> <span class='ocrx_word' id='word_1_276' title='bbox 498 3251 783 3317; x_wconf 78' lang='lat' dir='ltr'><strong>civitatis</strong></span> <span class='ocrx_word' id='word_1_277' title='bbox 826 3257 1022 3336; x_wconf 89' lang='lat' dir='ltr'><strong>atque</strong></span> <span class='ocrx_word' id='word_1_278' title='bbox 1066 3253 1139 3316; x_wconf 92' lang='lat' dir='ltr'><strong>in</strong></span> <span class='ocrx_word' id='word_1_279' title='bbox 1172 3251 1378 3316; x_wconf 88' lang='lat' dir='ltr'><strong>ruinis</strong></span> <span class='ocrx_word' id='word_1_280' title='bbox 1425 3271 1683 3316; x_wconf 83' lang='lat' dir='ltr'><strong>eversae</strong></span> <span class='ocrx_word' id='word_1_281' title='bbox 1724 3253 1918 3332; x_wconf 85' lang='lat' dir='ltr'><strong>atque</strong></span> <span class='ocrx_word' id='word_1_282' title='bbox 1966 3248 2070 3312; x_wconf 87' lang='lat' dir='ltr'><strong>ad-</strong></span> 
     </span>
     <span class='ocr_line' id='line_1_36' title="bbox 82 3327 2072 3424; baseline -0.001 -24"><span class='ocrx_word' id='word_1_283' title='bbox 82 3327 271 3424; x_wconf 64' lang='lat' dir='ltr'><strong>⁵fllctae</strong></span> <span class='ocrx_word' id='word_1_284' title='bbox 310 3340 406 3403; x_wconf 86' lang='lat' dir='ltr'><strong>rei</strong></span> <span class='ocrx_word' id='word_1_285' title='bbox 448 3339 751 3423; x_wconf 84' lang='lat' dir='ltr'><strong>publicae</strong></span> <span class='ocrx_word' id='word_1_286' title='bbox 793 3340 863 3404; x_wconf 89' lang='lat' dir='ltr'><strong>P.</strong></span> <span class='ocrx_word' id='word_1_287' title='bbox 910 3339 1084 3405; x_wconf 83' lang='lat' dir='ltr'><strong>Sesti</strong></span> <span class='ocrx_word' id='word_1_288' title='bbox 1130 3340 1502 3404; x_wconf 87' lang='lat' dir='ltr'><strong>tribunatus</strong></span> <span class='ocrx_word' id='word_1_289' title='bbox 1549 3341 1650 3402; x_wconf 90' lang='lat' dir='ltr'><strong>est</strong></span> <span class='ocrx_word' id='word_1_290' title='bbox 1695 3359 1734 3401; x_wconf 93' lang='lat' dir='ltr'><strong>a</strong></span> <span class='ocrx_word' id='word_1_291' title='bbox 1777 3335 2072 3401; x_wconf 86' lang='lat' dir='ltr'><strong>Fortuna</strong></span> 
     </span>
     <span class='ocr_line' id='line_1_37' title="bbox 114 3425 2069 3514; baseline -0.007 -16"><span class='ocrx_word' id='word_1_292' title='bbox 114 3435 217 3498; x_wconf 58' lang='lat'>¹1³⁸&amp;</span> <span class='ocrx_word' id='word_1_293' title='bbox 252 3425 627 3512; x_wconf 82' lang='lat' dir='ltr'><strong>collocatus,</strong></span> <span class='ocrx_word' id='word_1_294' title='bbox 676 3449 813 3492; x_wconf 92' lang='lat' dir='ltr'><strong>non</strong></span> <span class='ocrx_word' id='word_1_295' title='bbox 857 3426 1197 3514; x_wconf 80' lang='lat' dir='ltr'><strong>adgrediar</strong></span> <span class='ocrx_word' id='word_1_296' title='bbox 1250 3428 1332 3492; x_wconf 91' lang='lat' dir='ltr'><strong>ad</strong></span> <span class='ocrx_word' id='word_1_297' title='bbox 1375 3428 1494 3491; x_wconf 89' lang='lat' dir='ltr'><strong>illa</strong></span> <span class='ocrx_word' id='word_1_298' title='bbox 1537 3425 1821 3489; x_wconf 84' lang='lat' dir='ltr'><strong>maxima</strong></span> <span class='ocrx_word' id='word_1_299' title='bbox 1875 3427 2069 3506; x_wconf 85' lang='lat' dir='ltr'><strong>atque</strong></span> 
     </span>
     <span class='ocr_line' id='line_1_38' title="bbox 114 3509 2070 3601; baseline -0.003 -22"><span class='ocrx_word' id='word_1_300' title='bbox 114 3509 483 3601; x_wconf 68' lang='lat' dir='ltr'><strong>amplissima,</strong></span> <span class='ocrx_word' id='word_1_301' title='bbox 566 3515 950 3600; x_wconf 84' lang='lat' dir='ltr'><strong>priusquam</strong></span> <span class='ocrx_word' id='word_1_302' title='bbox 1022 3517 1328 3599; x_wconf 85' lang='lat' dir='ltr'><strong>docuero,</strong></span> <span class='ocrx_word' id='word_1_303' title='bbox 1404 3513 1640 3598; x_wconf 87' lang='lat' dir='ltr'><strong>quibus</strong></span> <span class='ocrx_word' id='word_1_304' title='bbox 1714 3511 1922 3574; x_wconf 87' lang='lat' dir='ltr'><strong>initiis</strong></span> <span class='ocrx_word' id='word_1_305' title='bbox 1993 3531 2070 3574; x_wconf 86' lang='lat' dir='ltr'><strong>ac</strong></span> 
     </span>
     <span class='ocr_line' id='line_1_39' title="bbox 1669 3611 1744 3667; baseline 0 -23"><span class='ocrx_word' id='word_1_306' title='bbox 1669 3619 1700 3667; x_wconf 76' lang='lat'>1</span> <span class='ocrx_word' id='word_1_307' title='bbox 1713 3611 1744 3644; x_wconf 62' lang='lat' dir='ltr'><strong>t</strong></span> 
     </span>
    </p>
   </div>
  </div>
 </body>
</html>
