2550 3875
906 796 999 871 M.
1040 794 1330 869 'PULLI
1368 793 1871 869 CICERONIS

561 980 708 1065 DE
771 976 1370 1064 PROVINCIIS
1438 973 2237 1063 CONSULARIBUS

853 1102 965 1186 IN
1031 1100 1442 1187 SENATU
1506 1099 1917 1185 ORATIO.

1092 1414 1699 1475 ARGUMENTUM.

526 1550 668 1605 Cum
703 1547 802 1605 Cn.
842 1547 1100 1602 Cornelio
1139 1546 1381 1602 Lentulo
1418 1546 1478 1604 L.
1515 1546 1729 1603 Marcio
1766 1546 2033 1617 Philippo
2077 1562 2219 1601 coss.
2262 1562 2419 1602 anno

376 1638 437 1743 p.
475 1638 528 1676 u.
568 1637 617 1676 c.
656 1626 760 1674 698
805 1618 1131 1700 provinciae
1179 1619 1564 1673 decernendae
1610 1635 1648 1673 a
1692 1621 1893 1673 senatu
1930 1620 2122 1673 essent
2156 1618 2331 1687 duae,
2381 1633 2417 1671 e

407 1707 511 1759 ege
541 1691 888 1759 Sempronia,
927 1706 1041 1757 qua
1075 1690 1184 1742 hoc
1212 1692 1339 1743 erat
1364 1690 1660 1756 sancitum,
1698 1692 1764 1743 ut
1792 1692 1923 1743 ante
1952 1687 2183 1743 comitia
2212 1704 2415 1743 consu-

381 1761 531 1816 laria
566 1763 794 1815 senatus
833 1760 1176 1827 decerneret,
1212 1759 1274 1813 in
1311 1776 1451 1828 quas
1480 1759 1817 1829 provincias,
1855 1759 1954 1829 qui
1982 1761 2418 1828 designarentur

384 1832 658 1899 consules,
695 1833 828 1900 post
863 1830 1219 1885 consulatum
1255 1831 1421 1899 irent,
1460 1833 1519 1885 et
1555 1831 1624 1885 de
1654 1834 1923 1899 quattuor
1947 1830 2257 1899 provinciis
2288 1846 2413 1884 sen-

383 1901 598 1957 tentiae
637 1904 828 1958 essent
856 1901 1061 1969 dietae,
1101 1902 1171 1956 de
1201 1900 1405 1956 Galliis
1443 1902 1675 1971 duabus,
1714 1918 1857 1971 quae
1886 1900 1987 1957 illo
2016 1904 2272 1972 tempore
2298 1918 2415 1956 uno
2494 1902 2503 1909 '

384 1973 442 2031 C.
473 1971 728 2028 Caesaris
756 1973 994 2043 imperio
1024 1975 1187 2027 erant
1213 1972 1566 2040 coniunctae,
1596 1976 1655 2027 et
1682 1974 1753 2027 de
1784 1972 1945 2042 Syria
1973 1976 2031 2027 et
2059 1972 2413 2040 Macedonia,

384 2061 624 2127 quarum
658 2044 820 2097 illam
856 2043 931 2126 L..
955 2043 1293 2125 Calpurnius
1330 2044 1479 2109 Piso,
1517 2045 1665 2126 hanc
1701 2046 1766 2098 A.
1798 2044 2074 2099 Gabinius
2098 2044 2419 2125 ‘obtinebat

381 2114 1929 2266 ffifissnssgissssssff¹{ffatissssn'ss'ufflssssuissnffissssffiissffaffi
1957 2115 2416 2254 3231&ssssss

382 2257 444 2311 in
491 2274 700 2310 annum
749 2262 853 2312 ’100
898 2255 1221 2326 provincias
1260 2257 1479 2325 Syriam
1525 2260 1584 2310 et
1618 2257 2011 2312 Macedoniarn
2058 2273 2182 2312 esse
2219 2256 2415 2310 decer-

383 2328 600 2382 nendas
656 2330 764 2394 ita,
821 2330 887 2380 ut
941 2343 1037 2381 eas
1092 2327 1349 2396 proximo
1406 2327 1635 2394 quidem
1682 2343 1828 2381 anno
1918 2373 1928 2382 .
1968 2347 2021 2383 u.
2060 2344 2107 2383 c.
2147 2334 2251 2381 699
2298 2330 2417 2382 duo

382 2401 674 2480 praetores
712 2397 1050 2466 obtinerent,
1091 2397 1148 2452 C.
1189 2401 1379 2452 autem
1419 2398 1651 2453 Caesari
1687 2401 1826 2452 duas
1856 2345 2075 2452 gallias
2113 2396 2417 2452 coniuncto

381 2469 621 2539 imperio
677 2485 801 2523 esse
853 2468 1282 2536 relinquendas,
1339 2468 1431 2522 cui
1488 2472 1588 2524 aut
1642 2468 1963 2523 citeriorem
2008 2467 2254 2523 Galliam
2310 2471 2421 2522 aut

383 2539 712 2594 ulteriorem
747 2555 862 2593 non
896 2538 1041 2593 nulli
1069 2539 1367 2593 detrahere
1398 2539 1716 2593 studebant.
1782 2538 1964 2594 Dictis
1992 2557 2029 2593 a
2054 2539 2419 2594 senatoribus

384 2611 682 2666 sententiis
731 2614 961 2663 senatus
1007 2610 1329 2664 consultum
1373 2609 1434 2662 in
1480 2611 1627 2664 hanc
1676 2610 2015 2664 sententiam
2053 2611 2269 2664 factum
2305 2615 2419 2679 est,

383 2683 450 2735 ut
475 2683 531 2738 C.
564 2681 796 2749 quidem
824 2679 1051 2735 Caesari
1087 2680 1389 2749 imperium
1424 2681 1715 2748 utriusque
1746 2679 1967 2735 Galliae
1995 2683 2417 2751 prorogaretur,

381 2750 442 2808 L.
481 2755 673 2806 autem
712 2751 904 2804 Pisoni
943 2751 1007 2817 Q.
1046 2750 1363 2804 Ancharius
1406 2751 1467 2803 in
1503 2751 1838 2806 Macedonia
1872 2754 1932 2807 et
1968 2756 2033 2807 A.
2072 2750 2313 2806 Gabinio
2355 2751 2419 2806 in

381 2822 548 2892 Syria
583 2823 660 2878 M.
699 2820 950 2878 Licinius
989 2820 1222 2877 Crassus
1262 2821 1644 2877 succederent.

323 3016 359 3079 Ῑ
518 3037 589 3103 Si
632 3037 778 3120 quis
818 3041 1127 3120 vestrum,
1170 3042 1395 3122 patres
1433 3037 1806 3121 conscripti,
1852 3041 2204 3122 exspectat,
2250 3060 2419 3124 quas

329 3105 358 3152 ¹
382 3127 510 3191 sim
553 3125 923 3210 provincias
970 3125 1376 3210 decreturus,
1427 3126 1791 3191 consideret
1826 3125 1968 3210 ipse
2006 3148 2253 3210 secum,
2299 3129 2419 3211 qui

381 3215 546 3279 mihi
615 3213 914 3278 homines
991 3235 1069 3276 ex
1131 3214 1483 3297 provinciis
1547 3214 1969 3298 potissimum
2032 3215 2420 3280 detrahendi

383 3303 543 3386 sint3
595 3323 730 3366 non
774 3300 1131 3384 dubitabit,
1187 3302 1343 3386 quid
1390 3303 1634 3367 sentire
1680 3325 1783 3367 me
1832 3303 2200 3386 conveniat,
2247 3325 2419 3388 cum,

383 3391 538 3473 quid
589 3389 752 3453 mihi
799 3389 1042 3454 sentire
1085 3411 1352 3454 necesse
1400 3391 1515 3475 sit,
1571 3392 1899 3477 cogitarit.
1990 3392 2091 3458 Ao
2136 3393 2193 3456 si
2239 3392 2420 3476 prin-

379 3499 532 3562 ceps
584 3499 728 3542 eam
775 3476 1170 3543 sententiam
1217 3479 1523 3564 dicerem,
1577 3479 1931 3545 laudaretis
1976 3479 2299 3565 profect0‚
2359 3482 2420 3546 si
