2550 3875
347 79 483 147 184
928 80 1009 136 m
1046 83 1109 138 L.
1145 81 1471 136 PISONEM
1507 81 1792 138 ORATIO.

347 244 696 328 quisquam
741 243 1019 309 audierit
1064 247 1177 308 aut
1222 245 1304 309 ad
1340 266 1479 308 rem
1515 245 1856 330 pertineat,
1904 266 2034 328 qua
2067 247 2143 309 tu
2178 247 2371 328 porta

344 332 692 415 introieris,
730 335 921 397 modo
958 354 1038 396 ne
1075 323 1476 416 triumphali,
1513 355 1677 416 quae
1714 337 1908 418 porta
1932 331 2369 398 Macedonicis

346 441 601 503 semper
632 420 1009 485 consulibus
1038 423 1187 484 ante
1207 425 1273 485 te
1292 421 1536 506 patuit3
1561 424 1638 486 tu
1653 421 1957 487 inventus
1977 441 2064 503 88,
2091 421 2205 503 qui
2225 442 2364 486 con-

236 549 282 614 2
284 549 328 612 4
347 507 549 573 8111811
574 507 849 591 imperio
876 509 1209 592 praeditus
1238 531 1318 574 ex
1343 507 1726 574 Macedonia
1750 531 1885 574 non
1911 508 2364 592 triumphares.

254 639 325 688 56
480 593 573 660 At
628 596 926 679 8111118118,
978 599 1198 680 patres
1253 597 1634 680 conscripti,
1687 596 2065 681 philosophi
2120 618 2360 661 vocem.
2408 622 2434 662 5

347 682 637 768 Negavit
666 705 734 748 se
762 685 1081 769 triumphi
1110 685 1415 768 cupidum
1441 707 1753 768 umquam
1779 685 2000 750 fuisse.
2061 682 2116 749 Ο
2136 683 2366 768 8081118,

348 793 387 836 0
416 772 641 855 pestis,
680 793 717 836 o
747 772 955 837 labes!
1022 771 1187 838 Cum
1216 773 1677 858 exstinguebas
1705 777 2018 856 senatum,
2045 773 2366 837 vendebas

348 861 809 925 auctoritatem
853 861 1047 926 huius
1095 861 1359 944 ordinis,
1406 861 1748 927 addicebas
1792 862 2058 926 tribuno
2094 860 2182 944 pl.
2221 882 2368 926 con·

347 949 634 1014 sulatum
669 952 873 1033 tuum,
908 971 1048 1012 rem
1074 949 1406 1032 publicam
1432 951 1784 1032 evertebaS,
1820 949 2142 1033 prodebas
2171 951 2368 1032 caput

346 1039 415 1102 et
470 1037 748 1102 salutem
802 1058 1016 1102 meam
1068 1059 1200 1101 una
1247 1038 1540 1101 mercede
1586 1037 1983 1121 provinciae,
2024 1037 2097 1100 81
2143 1037 2368 1100 trium-
2397 1062 2445 1096 ιο

344 1124 549 1208 phum
601 1147 737 1190 non
791 1125 1125 1209 cupiebas,
1187 1125 1368 1190 cuius
1425 1123 1689 1189 tandem
1739 1129 1807 1189 tc
1861 1125 1956 1189 rei
2011 1125 2366 1208 cupiditate

346 1213 584 1278 arsisse
650 1211 997 1278 defendes?
1082 1211 1288 1297 Saepe
1344 1213 1516 1278 enim
1571 1214 1730 1296 vidi,
1795 1213 1907 1297 qui
1962 1216 2030 1277 et
2083 1212 2248 1276 mihi
2303 1216 2371 1277 et

345 1301 579 1366 ceteris
664 1301 1028 1384 cupidiores
1107 1301 1478 1386 provinciae
1560 1302 1957 1385 viderentur,
2047 1300 2368 1383 triumphi

342 1389 606 1455 nomine
662 1393 883 1473 tegere
940 1392 1133 1473 atque
1190 1389 1398 1454 celare
1455 1389 1878 1472 cupiditatem
1933 1410 2137 1452 suam.
2221 1387 2368 1453 Hoc

343 1477 423 1542 D.
478 1475 740 1541 Silanus
804 1477 1030 1540 consul
1093 1477 1165 1540 in
1225 1477 1354 1543 hoc
1417 1477 1668 1561 ordine,
1731 1476 1859 1542 hoc
1921 1498 2104 1541 meus
2169 1477 2369 1541 etiam
2395 1501 2446 1544 16

344 1565 599 1650 collega
654 1564 929 1629 dicebat.
1020 1563 1249 1648 Neque
1307 1566 1480 1630 enim
1535 1565 1880 1648 quisquam
1928 1567 2150 1648 potest
2195 1586 2370 1630 exer-

347 1653 552 1718 citum
597 1673 828 1736 cupere
871 1656 1218 1737 aperteque
1254 1656 1495 1737 petere,
1540 1657 1616 1718 ut
1648 1675 1784 1717 non
1816 1655 2157 1736 praetexat
2195 1652 2370 1736 cupi·

256 1755 327 1807 57
347 1740 620 1805 ditatem
700 1739 1035 1823 triumphi.
1155 1741 1403 1816 Quodsi
1483 1745 1550 1806 te
1623 1745 1886 1806 senatus
1957 1741 2368 1824 populusque

345 1828 681 1893 Romanus
736 1832 851 1893 aut
903 1850 1038 1893 non
1093 1832 1510 1913 appetentem
1555 1832 1672 1893 aut
1716 1829 1914 1894 etiam
1959 1832 2368 1894 recusantem

343 1917 596 1982 bellum
652 1916 1010 2002 suscipere,
1063 1917 1417 1983 exercitum
1464 1916 1695 1983 ducere
1743 1917 2091 2003 coegisset,
2145 1920 2370 1982 tamen
2393 1944 2450 1983 20

345 2009 489 2071 erat
568 2006 833 2091 angusti
916 2006 1116 2070 animi
1198 2009 1393 2089 atque
1476 2006 1742 2071 demissi
1817 2006 1976 2071 iusti
2048 2004 2368 2090 triumphi

342 2095 661 2160 honorem
698 2093 1215 2178 dignitatemque
1254 2098 1683 2160 contemnere.
1757 2093 1930 2159 Nam
1967 2097 2044 2158 ut
2076 2094 2367 2158 levitatis

345 2186 449 2247 est
492 2181 753 2247 inanem
798 2182 1106 2266 aucupari
1143 2203 1472 2247 rumorem
1509 2186 1576 2246 et
1612 2183 1825 2247 omnis
1861 2183 2127 2246 umbras
2167 2181 2368 2247 etiam

343 2269 547 2334 falsae
603 2269 850 2353 gloriae
906 2271 1292 2354 consectari,
1355 2271 1451 2335 sic
1497 2273 1598 2335 est
1645 2270 1860 2352 [levis]
1909 2269 2110 2334 animi
2153 2270 2367 2335 lucem

346 2357 881 2441 splendoremque
907 2357 1221 2443 fugientis
1248 2359 1492 2423 iustam
1519 2358 1816 2444 gloriam,
1846 2358 1959 2442 qui
1987 2360 2088 2423 est
2112 2356 2366 2423 fructus
2393 2383 2450 2424 2⁵

344 2468 534 2510 verae
570 2446 835 2510 virtutis
870 2446 1394 2531 honestissimus,
1429 2446 1786 2531 repudiare.
1852 2444 2018 2512 Cum
2053 2468 2206 2511 vero
2233 2458 2369 2511 non

346 2534 539 2599 modo
584 2556 718 2599 non
761 2534 1137 2618 postulante
1185 2538 1383 2617 atque
1431 2538 1721 2619 cogente,
1767 2535 1880 2599 sed
1923 2533 2132 2599 invito
2171 2537 2368 2619 atque

347 2641 660 2706 oppresso
690 2626 938 2706 senatu,
972 2643 1106 2686 non
1133 2623 1328 2687 modo
1355 2623 1537 2687 nullo
1565 2622 1793 2708 populi
1821 2621 2101 2687 Romani
2131 2622 2368 2706 studiO,

346 2711 460 2775 sed
503 2710 688 2775 nullo
734 2710 983 2774 ferente
1030 2710 1414 2796 suffragium
1449 2710 1660 2775 libero
1704 2710 2042 2795 provincia
2075 2710 2203 2775 tibi
2237 2710 2370 2775 ista

344 2798 828 2881 manupretium
879 2797 1081 2863 fuerit
1138 2800 1324 2879 [non]
1382 2820 1642 2863 eversae
1691 2820 1810 2882 per
1852 2801 1920 2863 te
1966 2801 2033 2863 et
2075 2798 2368 2882 perditae
2393 2822 2452 2862 ³0

346 2886 651 2968 civitatis,
688 2908 961 2969 cumque
1000 2887 1291 2951 omnium
1323 2891 1588 2952 tuorum
1615 2887 1932 2952 scelerum
1957 2886 2121 2951 haec
2147 2886 2367 2970 pactio

346 2974 693 3056 exstiterit,
729 2977 822 3057 ut,
858 2974 918 3039 si
944 2978 1021 3039 tu
1046 2978 1258 3039 totam
1285 2997 1424 3039 rem
1450 2975 1780 3059 publicam
1805 2973 2074 3039 nefariis
2092 2974 2370 3045 ,latroni-

344 3062 469 3127 bus
524 3062 931 3145 tradidisses,
984 3060 1370 3127 Macedom‘a
1418 3063 1543 3127 tibi
1588 3063 1674 3128 ob
1722 3084 1866 3127 eam
1911 3084 2075 3146 rem,
2128 3062 2368 3145 quibus

345 3154 421 3214 tu
457 3149 653 3214 velles
681 3149 940 3234 finibus,
968 3151 1362 3214 traderetur:
1400 3172 1548 3215 cum
1575 3150 2000 3215 exhauriebas
2031 3150 2370 3234 aerarium,

347 3259 495 3301 cum
534 3237 812 3301 orbabas
841 3237 1107 3302 Italiam
1140 3238 1495 3322 iuventute,
1533 3260 1681 3303 cum
1716 3260 1894 3303 mare
1921 3237 2369 3303 vastissimum
2395 3260 2450 3303 ³⁵

344 3324 559 3389 hieme
606 3325 953 3406 transibas,
1000 3325 1057 3388 si
1104 3325 1513 3409 triumphum
1559 3326 2037 3409 contemnebas,
2084 3347 2248 3409 quae
2285 3331 2370 3410 te,

346 3412 587 3496 praedo
636 3412 1109 3495 amentissime,
1156 3412 1287 3476 nisi
1331 3414 1607 3496 praedae
1653 3435 1730 3479 ac
1775 3414 2152 3498 rapinarum
2199 3414 2380 3497 cupi·-
