2550 3875
753 171 907 226 CAP.
952 177 1157 225 10-12
1197 177 1227 237 ς
1266 144 1522 262 ῥεῖ-31..
2011 173 2144 236 427

97 354 413 418 peremus
471 336 585 396 aut
639 336 919 397 mortem
976 333 1278 397 servituti
1325 336 1822 418 anteponamus!
1915 333 2148 418 Multa,
2229 387 2231 390 Α

102 443 279 505 quae
324 421 394 484 in
438 421 650 485 libera
694 421 959 486 civitate
1005 421 1271 486 ferenda
1316 443 1448 486 non
1485 427 1720 506 essent,
1766 422 2040 488 tulimus
2079 426 2148 488 et

98 509 405 594 perpessi
452 529 697 592 sumUS,
744 508 857 572 alii
904 531 1019 593 spe
1063 509 1346 574 forsitan
1389 509 1844 593 reciperandae
1881 511 2146 576 liberta-

98 598 217 681 tis,
267 597 383 661 alii
426 596 685 661 vivendi
728 595 935 660 nimia
981 598 1367 681 cupiditate3
1413 598 1544 681 sed,
1590 598 1647 662 si
1690 599 1809 662 illa
1853 599 2146 683 tulimuS,

11 617 279 769 &quae
332 707 455 749 nos
508 685 866 750 necessitas
921 683 1091 749 ferre
1146 685 1392 770 coegit,
1452 707 1616 769 quae
1671 686 1771 750 vis
1829 688 2144 770 quaedam

11 775 14 848 ζ
98 795 315 858 paene
360 773 603 856 fatalis,
650 769 844 858 (quae
890 775 1111 838 tamen
1155 774 1304 857 ipsa
1346 794 1481 837 non
1517 772 1816 859 tulimus)
1861 776 2144 839 etiamne

96 862 305 926 huius
370 861 612 945 impuri
663 861 941 925 latronis
995 860 1278 926 feremus
1335 861 1786 926 taeterrimum
1841 863 2144 928 crudelis-

103 949 480 1034 simumque
537 948 987 1013 dominatum?
1088 948 1257 1025 Quid
1313 949 1422 1014 hic
1476 949 1701 1034 faciet,
1766 950 1824 1014 si
1876 951 2142 1035 poterit,

100 1040 321 1102 iratus
331 1089 349 1122 ,
413 1036 525 1121 qui
592 1059 740 1102 cum
796 1058 1169 1102 suscensere
1223 1037 1469 1101 nemini
1523 1040 1775 1121 posset,
1839 1039 2143 1103 omnibus

7 1144 73 1184 ιο
101 1127 303 1190 bonis
366 1124 567 1189 fuerit
621 1125 968 1189 inimicus?
998 1207 1002 1212 Ι
1034 1126 1189 1208 quid
1243 1125 1354 1190 hic
1407 1125 1621 1190 victor
1671 1146 1806 1190 non
1859 1126 2144 1210 audebit,

104 1216 223 1298 qui
268 1214 519 1278 nullam
566 1213 839 1297 adeptus
885 1213 1229 1278 victoriam
1277 1216 1465 1278 tanta
1512 1213 1757 1278 scelera
1798 1218 1952 1296 post
1990 1212 2146 1279 an-

103 1302 277 1366 saris
332 1301 675 1366 interitum
729 1300 985 1385 fecerit,
1044 1300 1355 1366 refertam
1411 1302 1549 1365 eius
1608 1302 1873 1366 domum
1910 1302 2144 1366 exhau-

104 1391 300 1474 serit,
354 1391 585 1454 hortos
641 1388 1094 1472 conpilaverit,
1150 1391 1233 1454 ad
1289 1411 1358 1454 se
1414 1411 1492 1453 ex
1545 1389 1628 1453 iis
1685 1390 1906 1454 omnia
1959 1412 2144 1454 orna-

105 1482 334 1543 menta
406 1477 847 1560 transtulerit,
932 1476 1145 1542 caedis
1211 1481 1281 1542 et
1359 1476 1807 1542 incendiorum
1880 1499 2144 1543 causam

19 1584 76 1623 15
108 1565 468 1650 quaesierit
520 1587 599 1630 ex
657 1564 909 1648 funere,
965 1565 1216 1629 duobus
1264 1569 1380 1629 aut
1423 1565 1636 1649 tribus
1685 1569 1950 1630 senatus
1996 1587 2143 1631 con-

105 1656 307 1720 sultis
334 1655 497 1718 bene
536 1657 603 1718 et
640 1669 781 1718 ere
818 1653 1083 1736 publica
1110 1653 1305 1718 factis
1334 1650 1621 1736 reliquas
1648 1675 1752 1718 res
1781 1653 1862 1718 ad
1889 1655 2143 1719 lucrum

103 1743 547 1827 praedamque
592 1741 1022 1825 revocaverit,
1067 1741 1429 1806 vendiderit
1473 1741 1944 1826 immunitateS,
1991 1742 2136 1807 civi-

103 1835 283 1896 tates
338 1829 743 1913 liberaverit,
796 1829 1166 1913 provincias
1221 1831 1558 1894 universas
1607 1851 1684 1894 ex
1730 1830 1988 1913 imperii
2031 1852 2141 1914 po·

105 1920 249 2005 puli
303 1918 585 1984 Romani
639 1918 779 1983 iure
835 1917 1200 2001 sustulerit,
1256 1918 1476 1983 exules
1533 1918 1887 2002 reduxerit,
1940 1918 2141 1984 falsas

26 2025 80 2065 20
106 2010 291 2095 leges
338 2005 409 2073 G.
456 2006 754 2073 Caesaris
808 2007 1070 2071 nomine
1126 2010 1195 2072 et
1248 2006 1420 2071 falsa
1473 2007 1734 2072 decreta
1777 2008 1847 2070 in
1893 2028 2004 2071 aes
2048 2007 2145 2071 in·

108 2096 383 2162 cidenda
444 2098 512 2160 et
574 2095 645 2159 in
699 2093 1027 2178 Capitolio
1091 2094 1352 2181 figenda
1406 2094 1733 2159 curaverit
1792 2116 2146 2179 earumque

111 2207 332 2251 rerum
381 2182 672 2248 omnium
718 2184 1149 2248 domesticum
1195 2187 1558 2248 mercatum
1602 2182 1986 2267 instituerit,
2031 2206 2144 2267 po-

107 2274 266 2358 pulo
322 2271 620 2336 Romano
684 2269 865 2355 leges
929 2271 1344 2355 imposuerit,
1407 2271 1608 2335 armis
1674 2274 1743 2335 et
1798 2271 2142 2355 praesidiis

107 2360 425 2446 populum
470 2363 540 2423 et
584 2359 1012 2444 magistratus
1057 2358 1202 2425 foro
1250 2359 1626 2442 excluserit,
1681 2364 1982 2425 senatum
2028 2361 2142 2425 sti·
2162 2370 2231 2419 31

28 2465 83 2505 25
108 2449 289 2534 parit
344 2447 645 2530 armatiS,
700 2451 990 2511 armatos
1044 2447 1115 2511 in
1161 2447 1327 2513 cella
1372 2446 1798 2532 Concordiae,
1854 2470 2002 2513 cum
2048 2470 2144 2513 se-

107 2541 341 2602 natum
404 2536 703 2619 haberet,
776 2534 1145 2617 incluserit,
1219 2535 1300 2599 ad
1362 2535 1656 2620 legiones
1719 2535 2143 2601 Brundisium

111 2623 498 2707 cucurrerit,
552 2644 630 2687 ex
681 2623 765 2687 iis
812 2623 1061 2706 optime
1108 2623 1452 2687 sentientis
1499 2625 1910 2688 centuriones
1957 2624 2143 2709 iugu-

108 2714 364 2796 laverit,
402 2733 551 2777 cum
587 2711 875 2777 exercitu
912 2710 1192 2775 Romam
1230 2711 1319 2775 sit
1357 2712 1436 2775 ad
1471 2711 1814 2775 interitum
1840 2715 2143 2775 nostrum

113 2807 179 2866 et
226 2800 307 2865 ad
352 2799 872 2884 dispertitionem
915 2799 1098 2863 urbis
1144 2799 1364 2863 venire
1410 2800 1727 2863 conatus?
1808 2798 2030 2882 Atque
2075 2798 2248 2874 is(31)

36 2906 89 2944 80
116 2891 196 2955 ab
242 2888 370 2954 hoc
416 2888 668 2972 impetu
714 2888 1085 2951 abstractus
1133 2887 1408 2951 consilio
1455 2891 1522 2950 et
1569 2886 1774 2970 copiis
1823 2885 2142 2970 CaesariS‚

116 2998 430 3043 consensu
489 2980 973 3059 veteranorum,
1037 2974 1283 3039 virtute
1347 2974 1680 3060 legionum
1737 2995 1819 3037 ne
1874 2973 2144 3038 fortuna

118 3065 373 3149 quidem
436 3063 685 3128 fractus
749 3064 988 3127 minuit
1052 3062 1388 3127 audaciam
1453 3084 1571 3126 nec
1635 3083 1822 3125 ruere
1878 3062 2142 3126 demens

115 3175 231 3219 nec
274 3152 489 3217 furere
537 3151 794 3215 desinit.
875 3150 955 3213 In
994 3148 1276 3214 Galliam
1324 3150 1702 3215 mutilatum
1749 3148 1930 3213 ducit
1967 3172 2142 3214 exer·

119 3243 344 3324 citum,
391 3262 538 3304 cum
584 3261 715 3303 una
758 3237 1045 3323 legione,
1092 3243 1159 3302 et
1205 3261 1279 3302 ea
1329 3238 1704 3320 vacillante,
1750 3235 1822 3300 L.
1868 3237 2141 3302 fratrem

44 3344 105 3384 35·
120 3331 431 3413 expectat,
479 3348 607 3411 quo
652 3326 978 3390 neminem
1020 3327 1303 3409 reperire
1339 3329 1562 3410 potest
1600 3326 1702 3389 sui
1740 3325 2141 3390 similiorem.

119 3417 235 3481 Ille
273 3420 491 3481 autem
528 3436 605 3479 ex
643 3412 1055 3497 myrmillone
1093 3414 1239 3497 dux,
1276 3435 1354 3478 ex
1392 3414 1756 3499 gladiatore
1783 3414 2159 3498 imperator·

122 3526 276 3589 quas
346 3503 560 3568 effecit
631 3507 915 3587 strages,
996 3501 1387 3585 ubicumque
1461 3501 1684 3593 posuit
1755 3502 2140 3586 vestigium!

2171 915 2252 996 12

2163 1005 2233 1054 30
