2550 3875
350 171 484 235 476
596 170 675 224 IN
712 170 785 226 M.
824 168 1216 224 ANTONIUM
1255 167 1525 222 ORATIO
1564 165 1971 221 PHILIPPICA
2006 166 2153 222 VIII.

353 333 647 400 oratione
711 331 839 395 fuit
902 352 1095 415 quam
1152 330 1476 394 sententia
1531 330 1757 395 lenior.
1860 328 2274 412 Quamquam
2330 328 2390 392 is

353 420 632 504 quidem,
678 423 1030 502 antequam
1077 419 1472 486 sententiam
1517 418 1778 503 diceret,
1824 417 2391 502 propinquitatem

352 507 702 572 excusavit.
792 506 976 572 Idem
1030 506 1275 571 fecerat
1331 528 1433 570 me
1490 507 1753 570 consule
1808 507 1880 570 in
1933 505 2180 571 sororis
2228 506 2392 587 viru,

353 596 525 679 quod
577 596 705 660 hoc
761 599 1055 678 tempore
1109 595 1180 659 in
1234 595 1478 659 sororis
1533 593 1671 659 filio
1725 593 1908 678 fecit,
1962 597 2038 657 ut
2088 598 2157 657 et
2202 593 2390 657 luctu

353 683 597 748 sororis
642 689 1013 748 moveretur
1059 687 1127 747 et
1164 683 1365 747 saluti
1409 683 1636 766 populi
1674 682 1956 747 Romani
1991 682 2387 765 provideret.
2439 711 2464 749 5
2525 702 2527 754 l

297 784 332 831 2
356 769 575 854 Atque
649 773 788 854 ipse
862 776 1082 836 tamen
1146 770 1388 836 Caesar
1453 772 1784 855 praecepit
1848 770 2035 834 vobis
2101 770 2390 853 quodam

351 859 542 924 modo
554 910 572 943 ,
627 865 850 943 patres
907 859 1290 943 conscripti,
1344 880 1425 923 ne
1481 859 1610 922 sibi
1665 858 2183 940 adsentiremini‚
2241 879 2390 922 cum

351 948 447 1010 ita
485 947 669 1031 dixit,
716 948 910 1012 aliam
951 948 1344 1012 sententiam
1383 969 1450 1011 se
1489 946 1816 1011 dicturum
1853 946 2074 1029 fuisse,
2113 967 2389 1028 eamque

351 1057 420 1099 se
468 1057 543 1099 ac
589 1057 659 1100 re
704 1036 970 1119 publica
1016 1035 1300 1120 dignam,
1345 1035 1473 1098 nisi
1520 1035 2010 1119 propinquitate
2046 1034 2391 1117 impedire-

350 1128 475 1187 tur.
573 1123 754 1210 Ergo
814 1124 925 1187 ille
982 1124 1366 1206 avunculus3
1426 1145 1585 1187 num
1638 1122 1839 1188 etiam
1893 1143 2010 1187 vos
2065 1122 2390 1206 avunculi,
2417 1153 2462 1189 ιο

353 1213 465 1296 qui
509 1211 611 1275 illi
658 1212 817 1276 estis
865 1211 1165 1276 adsensi?

485 1301 578 1365 At
623 1301 693 1363 in
739 1321 870 1382 quo
915 1299 1043 1363 fuit
1091 1298 1581 1364 controversia?
1662 1297 1833 1362 Belli
1873 1320 2112 1363 nomen
2147 1319 2392 1381 ponen-

350 1389 504 1453 dum
561 1388 825 1470 quidam
878 1388 950 1451 in
1003 1388 1328 1452 sententia
1379 1409 1515 1452 non
1566 1388 1915 1471 putabant,
1981 1385 2390 1451 ‘tumultum’

351 1476 679 1560 appellare
726 1476 1061 1539 malebant
1101 1477 1316 1561 ignari
1351 1496 1484 1540 non
1522 1475 1712 1540 modo
1753 1497 1987 1557 rerum,
2035 1475 2146 1538 sed
2188 1475 2393 1538 etiam

353 1565 731 1647 verborum3
776 1567 999 1647 potest
1044 1564 1216 1628 enim
1264 1585 1406 1629 esse
1453 1565 1718 1648 bellum,
1762 1567 1838 1627 ut
1884 1563 2210 1626 tumultus
2256 1585 2393 1626 non
2421 1589 2465 1630 ιε,

297 1653 468 1735 3sit‚
532 1652 855 1716 tumultus
911 1674 1051 1717 esse
1109 1653 1246 1716 sine
1302 1652 1476 1716 bello
1530 1674 1664 1716 non
1717 1655 1956 1735 potest.
2059 1651 2233 1726 Quid
2292 1656 2395 1714 est

353 1741 526 1803 enim
574 1739 749 1804 aliud
796 1741 1117 1804 tumultus
1162 1740 1294 1804 nisi
1338 1739 1748 1823 perturbatio
1795 1743 2008 1823 tanta,
2055 1744 2130 1802 ut
2180 1740 2394 1802 maior

352 1828 552 1892 timor
598 1827 891 1892 oriatur?
941 1828 1109 1892 unde
1157 1829 1357 1891 etiam
1402 1850 1639 1892 nomen
1685 1828 1953 1892 ductum
1999 1832 2102 1891 est
2149 1829 2393 1891 tumul-

351 1921 475 1981 tus,
568 1916 801 2001 Itaque
848 1917 1127 1982 maiores
1172 1917 1386 1982 nostri
1431 1917 1788 1981 tumultum
1836 1915 2163 2001 Italicum,
2215 1917 2392 1999 quod

352 2009 493 2069 erat
530 2005 946 2083 domesticu8‚
984 2006 1343 2069 tumultum
1382 2004 1726 2088 Gallicum,
1764 2006 1936 2087 quod
1976 2010 2119 2069 erat
2151 2003 2392 2069 Italiae
2419 2034 2464 2070 ευ

351 2094 688 2176 finitimuS‚
734 2099 1073 2177 praeterea
1117 2094 1372 2158 nullum
1416 2094 1861 2157 nominabant.
1955 2091 2237 2156 Gravius
2287 2116 2396 2158 au-

355 2187 488 2245 tem
534 2182 893 2245 tumultum
931 2203 1071 2245 esse
1112 2204 1308 2265 quam
1346 2182 1588 2245 bellum
1627 2181 1779 2245 hinc
1813 2180 2112 2265 intellegi
2151 2186 2394 2264 potest,

354 2270 525 2351 quod
598 2270 773 2333 bello
840 2270 1213 2333 vacationes
1279 2270 1528 2355 valent,
1603 2269 1891 2334 tumultu
1953 2292 2086 2333 non
2149 2270 2391 2334 valent.

351 2356 458 2420 Ita
502 2356 597 2433 fit,
644 2378 838 2439 quem
883 2357 965 2419 ad
1012 2358 1277 2422 modum
1323 2359 1474 2437 dixi,
1520 2362 1596 2421 ut
1638 2358 1884 2422 bellum
1922 2358 2059 2421 sine
2098 2358 2392 2422 tumultu

300 2444 591 2527 4possit‚
648 2446 971 2509 tumultus
1028 2446 1166 2511 sine
1213 2447 1388 2510 bello
1436 2467 1576 2510 esse
1622 2468 1752 2510 non
1797 2446 2026 2529 possit.
2119 2445 2389 2509 Etenim
2416 2472 2463 2511 25

354 2555 502 2597 cum
547 2532 719 2597 inter
765 2533 1010 2597 bellum
1057 2538 1124 2598 et
1169 2556 1395 2616 pacem
1443 2534 1724 2598 medium
1767 2534 1929 2597 nihil
1971 2535 2077 2616 sit,
2122 2555 2387 2598 necesse

352 2625 453 2684 est
501 2622 883 2705 tumultum,
939 2622 995 2685 si
1049 2622 1208 2687 belli
1253 2644 1386 2686 non
1433 2623 1548 2705 sit,
1602 2622 1781 2705 pacis
1830 2644 1997 2705 esse3
2054 2642 2185 2705 quo
2235 2623 2388 2705 quid

353 2709 697 2773 absurdius
779 2709 905 2774 dici
980 2714 1094 2774 aut
1169 2710 1529 2774 existimari
1602 2710 1868 2794 potest?
1989 2708 2115 2775 Sed
2188 2711 2386 2774 nimis

353 2799 563 2861 multa
625 2798 703 2862 de
765 2798 993 2881 verbo3
1057 2819 1196 2862 rem
1258 2798 1480 2882 potius
1536 2798 1898 2875 videamus,
1961 2802 2182 2882 patres
2243 2820 2387 2862 con·

355 2885 609 2968 scripti,
666 2908 859 2969 quam
917 2885 1177 2969 quidem
1232 2886 1545 2971 intellego
1603 2888 1802 2952 verbo
1857 2886 2002 2950 fieri
2055 2887 2385 2950 interdum
2413 2915 2462 2953 so

289 2966 331 3029 2
353 2974 741 3037 deteriorem
780 2974 1005 3038 solere.
1079 2972 1405 3037 Nolumus
1440 2974 1567 3038 hoc
1596 2974 1841 3038 bellum
1876 2974 2099 3039 videri.
2176 2973 2388 3050 Quam

352 3062 558 3145 igitur
620 3062 992 3145 municipiis
1054 3066 1121 3126 et
1186 3062 1460 3126 coloniis
1523 3062 1602 3125 ad
1659 3063 2127 3127 excludendum
2180 3062 2386 3127 Anto·

349 3148 532 3212 nium
579 3150 1043 3213 auctoritatem
1089 3149 1336 3231 damuS,
1385 3172 1597 3234 quam,
1643 3154 1718 3214 ut
1766 3151 2008 3215 milites
2045 3151 2210 3214 fiant
2247 3152 2384 3216 sine

351 3236 443 3320 vi,
499 3237 637 3301 sine
694 3238 903 3300 multa
959 3237 1203 3319 studio,
1258 3238 1625 3321 voluntate,
1682 3259 1916 3321 qnam,
1958 3243 2035 3303 ut
2079 3240 2384 3323 pecunias

350 3324 420 3387 in
475 3346 610 3388 rem
662 3325 995 3407 publicam
1040 3326 1517 3409 polliceantur?
1611 3324 1680 3391 Si
1729 3327 1901 3391 enim
1946 3328 2104 3391 belli
2147 3349 2384 3391 nomen
2411 3354 2461 3394 35

352 3410 643 3493 tolletur,
689 3413 1193 3496 municipiorum
1241 3413 1460 3477 studia
1494 3415 1840 3499 tollentur3
1885 3436 2239 3481 consensus
2275 3438 2384 3499 po-

352 3498 492 3579 puli
549 3498 855 3583 Romani,
922 3501 1033 3583 qui
1097 3500 1229 3563 iam
1286 3502 1619 3565 descendit
1673 3503 1742 3566 in
1799 3525 2088 3581 causam,
2155 3504 2212 3568 si
2265 3526 2384 3569 nos
