2550 3875
399 168 531 232 556
633 167 712 222 IN
748 167 823 221 M.
860 165 1252 221 ANTONIUM
1291 166 1566 221 ORATIO
1602 164 2004 220 PHILLPPIGA
2039 164 2195 221 XIV.

395 328 869 414 cognovissem,
905 332 1175 411 propter
1213 327 1395 391 cuius
1433 327 1794 411 periculum
1830 327 1910 391 ad
1944 346 2106 411 saga
2134 326 2431 404 issemus,

394 420 666 501 propter
740 416 1027 481 eiusdem
1100 416 1382 480 salutem
1453 414 1851 480 redeundum
1924 415 2007 479 ad
2073 413 2431 497 pristinum

393 504 708 593 vestitum
764 503 902 567 sine
959 504 1097 568 ulla
1159 502 1569 567 dubitatione
1616 523 1961 567 censerem.
2052 501 2235 566 Ante
2280 523 2429 566 vero

399 613 598 675 quam
634 591 723 656 sit
759 612 836 655 ea
871 613 995 674 res,
1033 613 1229 675 quam
1267 589 1640 654 avidissime
1678 590 1910 655 civitas
1950 593 2312 673 exspectat,
2348 589 2429 653 al-

395 680 560 762 lata,
613 679 872 743 laetitia
923 678 1054 743 frui
1109 678 1272 743 satis
1331 682 1432 742 est
1482 678 1802 743 maximae
1848 678 2428 761 praeclarissimae·
2470 692 2488 731 ⁵

396 767 1198 925 3331-333223202323235
1229 766 1698 917 stiffi&
1737 765 2069 918 035550223
2106 766 2427 917 ΕἛΞᾏἘ

345 955 378 1003 2
399 943 594 1008 salus.
667 940 845 1018 Quae
884 946 1104 1007 autem
1139 946 1242 1006 est
1277 941 1411 1005 ista
1448 941 1794 1022 sententia,
1827 942 1959 1006 ut
1939 964 2009 1005 m
2039 940 2426 1005 hodiernum

395 1030 568 1094 diem
612 1031 892 1095 vestitus
939 1033 1246 1114 mutetur,
1294 1029 1521 1093 deinde
1559 1050 1703 1094 cras
1740 1029 1956 1115 sagati
1992 1029 2425 1112 prodeamus?

395 1116 538 1182 Nos
580 1139 734 1183 vero
773 1139 921 1182 cum
959 1118 1158 1182 semel
1197 1117 1278 1181 ad
1317 1138 1484 1199 eum,
1532 1138 1725 1200 quem
1762 1118 2059 1200 cupimus
2099 1122 2487 1200 optamus-1⁰

397 1227 548 1289 que,
594 1205 909 1270 vestitum
954 1205 1355 1287 redierimuS,
1398 1204 1467 1269 id
1513 1225 1813 1290 agamus,
1857 1209 1934 1269 ut
1979 1227 2129 1269 eum
2176 1205 2248 1269 in
2291 1226 2425 1289 per-

394 1297 668 1376 petuum
713 1293 1126 1358 retineamus.
1209 1291 1387 1356 Nam
1432 1292 1558 1357 hoc
1595 1294 1857 1377 quidem
1894 1314 2041 1357 cum
2077 1298 2275 1376 turpe
2313 1296 2426 1376 est,

396 1384 539 1445 tum
592 1403 676 1445 ne
733 1380 831 1445 dis
892 1381 1154 1465 quidem
1207 1380 1670 1445 inmortalibus
1725 1385 2017 1465 gratum,
2072 1381 2154 1444 ab
2204 1401 2425 1444 eorum

397 1469 547 1551 aris,
595 1468 675 1533 ad
724 1489 885 1552 quas
933 1469 1149 1553 togati
1196 1468 1565 1552 adierimus,
1612 1468 1692 1533 ad
1739 1489 1898 1554 saga
1944 1468 2263 1532 sumenda
2306 1468 2425 1532 dis·

343 1569 377 1619 8
397 1556 637 1620 cedere.
727 1554 946 1639 Atque
995 1556 1471 1640 animadverto,
1531 1560 1751 1639 patres
1782 1556 2183 1639 conscripti,
2238 1569 2487 1639 quos-1⁶

396 1644 547 1707 dam
599 1643 753 1708 huic
806 1643 1024 1709 favere
1079 1644 1471 1727 sententiae3
1530 1666 1809 1727 quorum
1864 1666 1941 1709 ea
1994 1665 2178 1708 mens
2233 1644 2425 1727 idque

397 1731 744 1795 consilium
799 1736 927 1816 est,
980 1736 1084 1816 ut,
1141 1753 1289 1796 cum
1335 1731 1598 1796 videant
1642 1732 2195 1817 gloriosissimum
2240 1732 2425 1796 illum

396 1817 476 1883 D.
513 1818 724 1885 Bruto
770 1818 1065 1887 futurum
1111 1819 1303 1903 diem,
1348 1840 1476 1903 quo
1523 1819 1625 1883 die
1661 1824 1934 1903 propter
1970 1821 2108 1884 eius
2148 1820 2425 1885 salutem

395 1907 778 1972 redierimus
809 1908 890 1973 ad
917 1908 1248 1990 vestitum,
1267 1908 1443 1973 hunc
1462 1907 1523 1973 ei
1550 1907 1837 1973 fructum
1864 1908 2113 1992 eripere
2138 1908 2425 2011 cupiant,

394 2018 477 2061 ne
498 1997 850 2060 memoriae
871 1995 1377 2080 posteritatique
1404 1997 1719 2080 prodatur
1745 2002 2017 2080 propter
2040 1997 2236 2061 unius
2268 1998 2423 2062 civis
2448 2012 2488 2050 ²⁰

393 2083 757 2166 periculum
812 2085 1128 2167 populum
1174 2081 1543 2148 Romanum
1600 2085 1681 2148 ad
1737 2105 1897 2170 saga
1947 2085 2103 2168 isse,
2157 2089 2426 2168 propter

397 2171 686 2236 eiusdem
760 2172 1039 2236 salutem
1113 2171 1357 2235 redisse
1431 2172 1512 2236 ad
1590 2176 1801 2256 togas,
1917 2172 2159 2236 Tollite
2231 2172 2426 2256 hanc;

393 2258 646 2322 nullam
694 2263 832 2322 tam
875 2281 1115 2342 pravae
1155 2259 1517 2324 sententiae
1557 2281 1818 2324 causam
1854 2261 2215 2343 reperietis.
2291 2259 2425 2325 Vos

395 2366 576 2429 vero,
638 2349 862 2428 patres
929 2345 1310 2447 conscripti,
1374 2353 1752 2412 conservate
1807 2349 2274 2413 auctoritatem
2330 2371 2425 2413 ve-

397 2436 631 2517 stram,
694 2437 951 2497 manete
1007 2435 1076 2498 in
1131 2435 1483 2518 sententia,
1547 2439 1762 2500 tenete
1819 2439 2039 2501 vestra
2090 2437 2425 2519 memoria,
2446 2451 2486 2490 2⁵

396 2522 569 2621 quod
639 2542 829 2603 saepe
895 2521 1303 2605 ostendistis,
1365 2522 1559 2586 huius
1625 2524 1831 2588 totius
1893 2523 2053 2588 belli
2107 2524 2175 2588 in
2233 2525 2422 2589 unius

395 2609 520 2672 viri
567 2608 913 2673 fortissimi
961 2614 1027 2674 et
1074 2609 1345 2674 maximi
1380 2610 1516 2674 vita
1553 2612 1845 2694 positum
1880 2633 2021 2676 esse
2060 2612 2422 2677 discrimen.

331 2672 376 2737 2
340 2696 499 2810 4Αᾶ
535 2695 614 2760 D.
651 2696 931 2761 Brutum
979 2697 1386 2762 liberandum
1431 2697 1635 2782 legati
1681 2700 1864 2764 missi
1910 2699 2240 2783 principes
2277 2699 2422 2765 civi-

340 2761 600 2868 4tatis,
638 2785 751 2868 qui
806 2783 903 2847 illi
955 2783 1177 2850 hosti
1193 2807 1268 2850 ac
1315 2786 1674 2869 parricidae
1722 2787 2207 2870 denuntiarent,
2264 2793 2345 2853 ut
2388 2811 2423 2852 a

394 2871 651 2936 Mutina
688 2873 1075 2957 discederet3
1113 2873 1402 2937 eiusdem
1429 2872 1508 2937 D.
1537 2872 1728 2938 Bruti
1755 2875 2179 2939 conservandi
2210 2877 2422 2960 gratia
2443 2889 2483 2931 ³⁸

394 2958 620 3023 consul
677 2960 921 3024 sortitu
977 2961 1057 3024 ad
1102 2961 1349 3025 bellum
1393 2960 1726 3044 profectus
1773 2960 1851 3026 A.
1898 2961 2186 3046 Hirtius,
2244 2965 2421 3029 cuius

392 3046 895 3111 inbecillitatem
931 3048 1322 3112 valetudinis
1362 3050 1560 3112 animi
1598 3050 1807 3114 virtus
1837 3055 1905 3115 et
1932 3072 2082 3134 spes
2110 3014 2421 3116 vi'ctoriae

394 3134 832 3218 confirmavit3
888 3134 1127 3200 Caesar
1184 3157 1332 3200 cum
1388 3137 1673 3204 exercitu
1728 3159 1844 3221 per
1900 3159 1969 3202 se
2025 3144 2421 3223 comparato,

392 3243 540 3285 cum
621 3222 804 3304 prius
887 3223 1184 3305 pestibus
1267 3245 1407 3286 rem
1477 3225 1809 3308 publicam
1888 3226 2269 3310 liberasset,
2344 3249 2419 3291 ne

393 3307 549 3388 quid
593 3312 824 3390 postea
870 3309 1130 3374 sceleris
1171 3311 1470 3392 oriretur,
1516 3312 1851 3394 profectus
1890 3317 1994 3378 est
2030 3314 2113 3378 ad
2150 3316 2419 3380 eundem
2441 3331 2479 3370 εδ

390 3393 672 3458 Brutum
727 3396 1134 3461 liberandum
1188 3397 1475 3481 vicitque
1532 3400 1821 3464 dolorem
1878 3401 2164 3484 aliquem
2212 3403 2419 3467 dome·

342 3488 375 3536 ⁶
398 3479 636 3544 sticum
698 3483 952 3563 patriae
1019 3485 1310 3550 caritate.
1411 3483 1580 3560 Quid
1644 3485 1713 3552 C.
1766 3488 1982 3553 Pansa
2042 3489 2183 3574 egit
2249 3491 2417 3554 aliud
