2550 3875
814 182 967 237 CAP.
1009 190 1216 239 13—15
1256 190 1288 251 g
1328 191 1555 243 30—34.
2120 190 2203 251 15

170 342 323 410 Sive
378 345 496 409 illa
539 346 741 410 vestis
799 346 1081 411 mutatio
1137 348 1217 411 ad
1272 348 1524 413 luctum
1580 350 1874 433 ipsorum
1929 349 2064 415 sive
2121 351 2198 415 ad

167 433 643 518 deprecandum
680 434 961 518 valebat,
1009 435 1156 519 quis
1201 457 1515 520 umquam
1551 442 1692 502 tam
1731 439 2008 503 crudelis
2056 437 2201 522 fuit,

168 521 283 604 qui
317 522 697 604 prohiberet
736 544 1129 607 quemquam
1166 528 1282 588 aut
1324 525 1450 589 sibi
1488 547 1774 591 maerere
1813 530 1928 590 aut
1965 527 2198 591 ceteris

168 610 585 694 supplicare?
678 609 893 686 Quid?
940 633 1060 674 sua
1105 616 1340 695 sponte
1383 612 1680 677 homines
1727 615 1796 678 in
1843 614 2198 679 amicorum
2219 634 2290 683 33

119 722 142 762 5
165 698 475 781 periculis
531 698 869 763 vestitum·
902 703 1159 763 mutare
1212 721 1347 765 non
1410 701 1667 765 solent?
1730 723 1850 785 pro
1905 708 1972 766 te
2033 703 2199 787 ipso,

165 786 351 870 Piso,
393 808 670 851 nemone
716 787 1048 851 mutabit?
1107 809 1189 852 ne
1233 788 1353 852 isti
1398 788 1685 873 quidem,
1733 811 1895 874 quos
1942 790 2198 875 legatos

161 896 300 939 non
352 875 547 939 modo
610 874 793 939 nullo
851 879 1119 941 senatus
1184 877 1513 961 consulto,
1579 879 1690 942 sed
1750 878 1950 943 etiam
2014 900 2198 961 repu-

164 966 413 1048 gnante
476 967 706 1027 senatu
760 963 887 1027 tibi
950 968 1091 1028 tute
1146 964 1434 1049 legasti?
1505 965 1687 1050 Ergo
1746 966 2030 1030 hominis
2096 967 2198 1030 de-

163 1051 415 1134 sperati
487 1054 557 1115 et
627 1051 981 1135 proditoris
1046 1052 1143 1115 rei
1212 1053 1514 1137 publicae
1583 1074 1805 1117 casum
1876 1054 2198 1138 lugebunt

90 1164 137 1203 ιο
160 1138 474 1223 fortasse,
541 1140 655 1222 qui
716 1139 967 1224 volent,
1032 1140 1191 1205 civis
1254 1140 1703 1206 florentissimi
1756 1142 2198 1207 benivolentia

159 1229 489 1292 bonorum
543 1231 614 1291 et
667 1227 913 1311 optime
970 1228 1047 1291 de
1105 1228 1316 1293 salute
1368 1229 1620 1313 patriae
1676 1229 1896 1293 meriti
1950 1232 2196 1313 pericu-

159 1316 303 1379 lum
340 1315 760 1380 coniunctum
806 1338 955 1381 cum
999 1317 1290 1401 periculo
1337 1318 1624 1382 civitatis
1669 1317 1892 1402 lugere
1939 1319 2195 1383 senatui

157 1426 299 1468 non
351 1404 624 1467 licebit?
696 1404 1057 1487 Eidemque
1114 1405 1439 1489 consuleS,
1503 1406 1561 1470 si
1616 1406 1986 1489 appellandi
2042 1411 2195 1470 sunt

162 1492 485 1573 consuleS,
536 1512 700 1576 quos
737 1512 929 1557 nemo
978 1497 1080 1557 est
1127 1493 1285 1576 quin
1319 1515 1453 1557 non
1498 1494 1690 1558 modo
1739 1516 1817 1559 ex
1862 1494 2195 1578 memoria,

86 1603 133 1645 15
161 1580 279 1644 sed
324 1580 527 1644 etiam
584 1602 663 1643 ex
706 1580 899 1645 fastis
956 1580 1324 1645 evellendos
1369 1586 1586 1665 putet,
1638 1586 1834 1666 pacto
1879 1583 2012 1647 iam
2065 1582 2195 1647 foe-

160 1669 315 1732 dere
362 1668 845 1751 provinoiarum
888 1668 1193 1751 producti
1238 1669 1308 1733 in
1353 1670 1526 1733 circo
1563 1669 1888 1734 Flaminio
1933 1671 2004 1734 in
2049 1692 2194 1735 con-

159 1757 415 1821 tionem
472 1757 553 1820 ab
608 1756 726 1821 illa
786 1756 960 1820 furia
1013 1777 1087 1820 ac
1141 1760 1326 1841 peste
1390 1758 1642 1841 patriae
1697 1758 1980 1823 maximo
2046 1782 2193 1823 cum

160 1845 418 1931 gemitu
454 1848 674 1909 vestro
712 1845 827 1908 illa
865 1845 1099 1928 omnia,
1147 1866 1313 1929 quae
1353 1849 1494 1908 tum
1532 1850 1761 1910 contra
1801 1868 1904 1911 me
1943 1850 2194 1911 contra-

161 1957 289 2018 que
345 1955 487 1998 rem
540 1933 873 2017 publicam
926 1934 1289 2016 ayebantur,
1352 1957 1509 1999 voce
1567 1957 1642 1999 ac
1697 1929 2022 1999 sententia
2077 1958 2194 2000 sua

82 2045 134 2085 20
160 2022 771 2106 comprobaverunt.
824 2021 1167 2106 Isdemque
1198 2023 1574 2086 consulibus
1603 2023 1976 2088 sedentibus
1997 2027 2192 2107 atque
2219 2026 2300 2094 15

159 2111 689 2195 inspectantibus
745 2111 883 2174 lata
935 2110 1042 2173 lex
1096 2115 1225 2194 est,
1278 2109 1390 2174 NE
1438 2127 1756 2176 AUSPICIA
1802 2129 2192 2194 VALERENT,

159 2218 257 2264 NE
306 2215 468 2276 Qms
514 2215 1025 2281 OBNUNTIARET,
1070 2215 1163 2262 NE
1210 2215 1368 2274 QUIS
1415 2215 1582 2264 LEGI
1624 2216 2192 2281 INTERCEDERET,

159 2307 255 2353 UT
312 2303 621 2352 OMNIBUS
684 2303 926 2352 FASTIS
990 2303 1242 2352 DIEBUS
1307 2303 1544 2351 LEGEM
1605 2303 1814 2350 FERRI
1876 2304 2192 2366 LICERET,

160 2395 257 2441 UT
312 2393 456 2438 LEX
510 2375 763 2457 AELIA,
826 2391 970 2438 LEX
1024 2374 1245 2439 FUFlA
1311 2393 1403 2438 NE
1456 2391 1804 2458 VALERET3
1871 2396 2000 2459 qua
2061 2399 2194 2441 una

82 2487 133 2528 25
159 2463 511 2548 rogatione
568 2463 713 2545 quis
760 2467 864 2526 est
909 2462 1021 2547 qui
1065 2485 1199 2527 non
1243 2462 1587 2548 intellegat
1630 2463 1999 2528 universam
2054 2487 2192 2530 rem

158 2551 499 2636 publicam
545 2573 685 2615 esse
739 2550 1063 2615 deletam?
1153 2549 1496 2634 Isdemque
1553 2551 1928 2616 consulibus
1984 2553 2192 2636 inspe-
2212 2564 2281 2614 34

161 2640 501 2706 ctantibus
559 2659 895 2704 servorum
949 2638 1223 2702 dilectus
1278 2639 1646 2703 habebatur
1698 2661 1818 2724 pro
1880 2640 2192 2705 tribunali

162 2727 438 2793 Aurelio
500 2727 765 2791 nomine
829 2727 1281 2810 collegiorum,
1355 2748 1502 2791 cum
1565 2727 1833 2792 vicatim
1894 2727 2191 2792 homines

161 2815 758 2898 conscriberentur,
804 2815 1308 2898 decuriarentur,
1354 2815 1434 2878 ad
1479 2815 1642 2898 vim,
1690 2816 1771 2879 ad
1817 2837 2065 2899 manuS,
2111 2816 2192 2879 ad

80 2929 133 2968 ao
162 2904 458 2987 caedem,
516 2904 599 2967 ad
644 2903 1076 2986 direptionem
1120 2902 1566 2966 incitarentur.
1655 2902 1999 2986 Isdemque
2047 2925 2192 2968 con-

162 2993 419 3057 sulibus
476 3013 657 3055 arma
710 2991 782 3054 in
837 2992 1154 3074 templum
1208 2989 1502 3055 Castoris
1555 2992 1774 3074 palam
1830 2995 2192 3074 comporta-

158 3081 438 3162 bantur,
503 3079 741 3164 gradus
806 3078 1095 3144 eiusdem
1158 3079 1389 3161 templi
1453 3078 1881 3161 tollebantur,
1955 3079 2192 3143 armati

159 3169 465 3232 homines
528 3167 745 3232 forum
809 3171 875 3230 et
942 3167 1275 3232 contiones
1341 3167 1679 3250 tenebant,
1745 3167 1969 3230 caedes
2033 3167 2192 3250 lapi—

162 3257 594 3338 dationesque
640 3256 911 3334 fiebant,
954 3255 1173 3319 nullus
1220 3258 1362 3318 erat
1409 3259 1672 3319 senatus
1683 3306 1700 3338 ,
1744 3254 1910 3317 nihil
1957 3253 2191 3337 reliqui

76 3368 131 3410 35
161 3345 617 3430 magistratuS,
652 3365 821 3408 unus
851 3364 1108 3407 omnem
1138 3343 1430 3406 omnium
1461 3345 1858 3426 potestatem
1887 3342 2084 3406 armis
2125 3347 2190 3406 et

160 3431 533 3498 latrociniis
576 3431 955 3514 possidebat
986 3452 1121 3495 non
1159 3431 1378 3513 aliqua
1413 3432 1478 3494 vi
1525 3451 1658 3512 sua,
1704 3431 1835 3513 sed,
1881 3453 2027 3494 cum
2065 3431 2191 3495 duo

163 3521 469 3586 consules
506 3541 547 3584 a
580 3541 650 3584 re
685 3519 949 3604 publiea
982 3518 1466 3603 provinciarum
1501 3518 1756 3583 foedere
1794 3519 2193 3602 retraxisset,
