2550 3875
849 159 1003 216 cAP.
1045 168 1250 215 19-21
1292 168 1321 227 ς
1358 168 1587 217 43-49.
2094 162 2229 225 553
2291 190 2295 195 ·

196 340 319 384 nec
375 320 622 403 pietate
671 320 988 385 abductus
1036 343 1347 405 umquam
1395 327 1495 387 est
1542 327 1608 387 et
1655 322 1986 409 intellegit
2030 324 2229 387 maxi-

200 428 376 472 mam
420 407 736 491 pietatem
783 409 1272 473 conservatione
1310 411 1560 493 patriae
1600 411 1935 476 contineri.
2019 408 2228 486 Quod·
2248 428 2314 477 47

201 495 260 559 si
325 496 613 579 partium
679 500 1010 561 certamen
1075 501 1274 581 esset,
1340 520 1615 581 quarum
1672 500 1935 564 omnino
1990 520 2229 563 nomen

202 584 564 648 extinctum
611 588 729 668 est,
775 584 1184 649 Antoniusne
1231 586 1452 669 potius
1500 590 1567 651 et
1611 585 1961 652 Ventidius
2007 590 2227 671 partes

143 690 170 730 ⁵
201 668 499 736 Caesaris
537 671 954 739 defenderent
993 694 1187 756 quam
1224 674 1509 757 primum
1548 671 1805 759 Caesar,
1852 674 2228 740 adulescens

200 780 457 824 summa
499 759 746 843 pietate
794 764 861 824 et
905 761 1220 825 memoria
1253 762 1547 845 parentis
1586 763 1705 847 sui,
1752 762 1979 827 deinde
2016 763 2229 828 Pansa

200 852 269 911 et
313 846 600 930 Hirtius,
655 849 769 932 qui
826 849 1013 932 quasi
1071 870 1313 914 cornua
1358 850 1483 914 duo
1532 854 1881 915 tenuerunt
1928 849 2227 915 Caesaris

199 939 371 1013 tum,
435 956 583 1000 cum
649 936 800 1001 illae
852 958 1001 1001 vere
1055 941 1276 1020 partes
1332 938 1778 1003 vocabantur?
1876 938 2020 1003 Hae
2073 960 2226 1003 vero

202 1044 366 1106 quae
415 1027 568 1087 sunt
611 1027 862 1107 partes,
907 1046 1055 1088 cum
1103 1025 1325 1089 alteris
1373 1031 1637 1091 senatus
1685 1027 2072 1109 auctoritaS,
2117 1048 2229 1109 po-

118 1137 173 1175 ιο
199 1111 341 1195 puli
403 1110 683 1175 Romani
754 1112 1055 1196 libertas,
1127 1112 1223 1176 rei
1284 1114 1583 1196 publicae
1648 1114 1824 1179 salus
1887 1114 2229 1197 proposita

201 1199 309 1282 sit,
356 1199 580 1263 alteris
627 1200 854 1264 caedes
901 1200 1238 1283 bonorum,
1284 1200 1465 1265 urbis
1505 1201 1863 1287 Italiaeque
1909 1201 2227 1286 partitio?

199 1286 558 1351 Veniamus
598 1287 945 1371 aliquando
985 1289 1066 1351 ad
1104 1289 1479 1354 clausulam.
1553 1288 1926 1375 ‘Legatos
1964 1289 2225 1353 venire
2247 1296 2325 1359 21

199 1396 353 1439 non
399 1374 666 1439 credo?
741 1375 918 1439 Bene
964 1398 1067 1440 me
1114 1377 1299 1441 novit
1333 1374 1372 1416 '¹‘
1406 1374 1446 1416 ‘¹‘
1492 1379 1667 1461 quod
1710 1377 1952 1461 venias,
1996 1399 2227 1461 propo-

203 1462 332 1527 sito
378 1463 766 1546 praesertim
813 1465 1108 1548 exemplo
1155 1463 1554 1529 Dolabellae.
1634 1463 1971 1531 Sanctiore
2018 1469 2229 1549 erunt,

119 1576 172 1616 ιο
203 1551 424 1635 credo,
491 1551 630 1615 iure
685 1551 890 1636 legati
947 1573 1143 1635 quam
1199 1552 1325 1616 duo
1382 1553 1707 1635 consules,
1778 1557 2008 1619 contra
2063 1574 2226 1637 quos

201 1659 384 1703 arma
455 1637 610 1716 fert,
681 1660 876 1723 quam
935 1638 1206 1730 Caesar,
1273 1640 1455 1705 cuius
1528 1642 1736 1725 patris
1809 1641 2045 1706 flamen
2109 1644 2229 1724 est,

201 1747 399 1810 quam
455 1727 681 1791 consul
728 1727 1134 1812 designatuS,
1190 1749 1383 1811 quem
1430 1733 1792 1814 oppugnat,
1847 1751 2043 1813 quam
2088 1727 2228 1793 Mu-

199 1814 368 1898 tina,
440 1835 636 1897 quam
692 1815 972 1898 obsidet,
1029 1836 1224 1899 quam
1277 1816 1519 1900 patria,
1576 1817 1679 1882 cui
1732 1817 1873 1902 igni
1926 1816 2228 1900 ferroque

202 1902 562 1968 minitatur.
655 1901 872 1970 ‘Cum
925 1903 1315 1988 venerint,
1379 1925 1567 1988 quae
1627 1905 2062 1989 postulant,
2110 1920 2319 1970 co-48

118 2016 173 2054 20
201 1990 606 2074 gnoscam.³
683 1991 856 2068 Quin
892 1995 966 2055 tu
1005 1991 1146 2056 abis
1185 1992 1255 2056 in
1292 1993 1533 2057 malam
1569 1997 1820 2077 pestem
1857 1993 2227 2076 malumque

201 2080 589 2143 cruciatum!
683 2079 786 2144 Ad
844 2082 910 2143 te
967 2080 1312 2164 quisquam
1366 2081 1585 2145 veniat
1640 2081 1768 2145 nisi
1822 2080 2109 2148 Ventidi.
2148 2081 2229 2146 si-

200 2167 422 2231 milis?
516 2167 746 2231 Oriens
801 2167 1172 2233 incendium
1218 2167 1331 2252 qui
1377 2169 1882 2255 restinguerent,
1938 2190 2227 2234 summos

199 2255 376 2319 viros
432 2255 757 2339 misimus3
820 2256 1203 2340 repudiasti3
1255 2279 1429 2322 nunc
1482 2257 1553 2321 in
1597 2261 1853 2321 tantam
1896 2257 2229 2322 flammam

200 2347 467 2426 tamque
521 2343 953 2408 inveteratam
1007 2345 1376 2428 mittamus,
1432 2367 1580 2409 cum
1634 2346 1850 2410 locum
1906 2345 2032 2410 tibi
2085 2347 2230 2411 reli-

121 2455 172 2495 25
202 2452 405 2514 quum
467 2453 601 2496 non
664 2431 856 2495 modo
921 2432 1004 2495 ad
1060 2454 1315 2516 pacem,
1379 2433 1492 2497 sed
1552 2455 1634 2497 ne
1698 2435 1779 2498 ad
1834 2433 2230 2498 deditionem

202 2518 466 2602 quidem
510 2518 787 2583 feceris?

334 2605 524 2672 Hanc
579 2627 702 2692 ego
760 2607 1136 2691 epistulam,
1192 2611 1414 2691 patres
1472 2609 1858 2693 conscripti,
1910 2630 2045 2673 non
2100 2629 2228 2692 quo

201 2695 392 2757 illum
438 2694 710 2779 dignum
753 2698 1072 2779 putarem,
1118 2695 1405 2778 recitavi,
1450 2697 1564 2760 sed
1598 2700 1675 2760 ut
1714 2696 2229 2760 confessionibus

203 2782 413 2866 ipsius
461 2782 680 2847 omnia
723 2781 1056 2866 patefacta
1103 2782 1239 2846 eius
1281 2783 1631 2867 parricidia
1666 2783 1993 2848 videretiS.
2066 2781 2230 2848 Cum
2250 2799 2319 2845 49

122 2895 174 2935 so
202 2871 328 2934 hoc
383 2891 611 2953 pacem
656 2869 742 2934 M.
790 2868 1102 2954 Lepidus,
1155 2870 1256 2933 vir
1314 2871 1767 2935 ornatissimus
1817 2871 2117 2935 omnibus
2165 2874 2231 2934 et

202 2957 468 3022 virtutis
507 2962 575 3022 et
601 2957 902 3023 fortunae
930 2957 1139 3043 bonis,
1177 2957 1234 3022 si
1259 2958 1423 3022 haec
1452 2960 1677 3041 leyeret,
1714 2959 2031 3040 suaderet,
2059 2958 2232 3022 deni-

204 3067 328 3129 que
377 3049 491 3109 aut
536 3046 734 3110 vellet
789 3049 904 3111 aut
957 3046 1100 3110 fieri
1154 3067 1346 3129 posse
1404 3046 1879 3110 arbitraretur?
1970 3045 2230 3110 ‘Prius

201 3133 432 3198 undis
478 3132 843 3217 flamma',
888 3137 964 3197 ut
1002 3133 1096 3197 ait
1140 3138 1337 3218 poeta
1372 3135 1591 3199 nescio
1632 3134 1795 3217 quis,
1840 3133 2023 3218 prius
2062 3133 2233 3198 deni-

205 3243 331 3304 que
380 3221 623 3304 omnia,
679 3243 876 3304 quam
927 3225 1042 3285 aut
1096 3243 1243 3286 cum
1289 3220 1596 3286 Antoniis
1652 3243 1756 3286 res
1812 3221 2074 3306 publica
2120 3227 2234 3286 aut

123 3333 178 3374 ³5
207 3329 356 3372 cum
402 3330 472 3373 re
517 3309 782 3393 publica
819 3309 1092 3374 Antonii
1134 3310 1400 3374 redeant
1445 3309 1516 3372 in
1560 3310 1863 3394 gratiam.
1935 3308 2234 3374 Monstra

207 3397 527 3480 quaedam
572 3395 705 3461 ista
751 3400 818 3460 et
853 3401 1160 3480 portenta
1199 3401 1353 3461 sunt
1392 3397 1744 3482 [prodigia]
1785 3397 1881 3462 rei
1915 3397 2236 3481 publicae.

206 3482 458 3549 Moveri
515 3485 775 3549 sedibus
831 3485 983 3548 huic
1037 3485 1184 3548 urbi
1239 3484 1471 3548 melius
1530 3489 1631 3549 est
1686 3490 1883 3570 atque
1938 3485 2009 3550 in
2054 3485 2235 3568 aliast,
