2550 3875
385 174 427 231 C
1020 171 1447 227 ADNOTATIO
1487 171 1789 227 CRITICA.

385 333 736 387 sicbsumiitw
785 333 1091 401 parabitur
1142 346 1244 399 pro
1299 332 1574 397 silebitur,
1636 335 1758 385 501.
1779 334 1845 383 11
1895 346 1977 398 sq.
2035 347 2196 386 arma
2250 330 2433 385 decer-

385 404 579 470 nendi,
629 406 749 456 508.
770 409 838 457 33
878 404 1027 473 loyes
1060 403 1201 470 fuit,
1249 406 1370 454 511.
1393 406 1460 455 33
1497 402 1807 481 maynwm),
1852 399 2186 468 plerumque
2233 402 2434 453 autem

386 488 501 525 non
535 471 719 541 magis
755 472 1042 541 discrepat
1077 488 1113 525 a
1139 471 1192 525 V
1220 487 1393 539 quam
1430 473 1604 525 ceten
1641 473 1742 524 aut
1776 470 2008 540 propius
2046 471 2124 525 ad
2161 468 2431 524 similitu·

388 541 578 597 dinem
625 542 747 597 eius
792 542 1015 597 accedit
1060 545 1131 610 (V.
1174 542 1260 596 ed.
1300 542 1430 595 Tur.
1468 559 1523 610 p.
1556 547 1711 595 1232.
1735 548 1785 609 7,
1834 547 1989 596 1328.
2013 547 2108 610 22,
2157 546 2317 596 1339.
2338 547 2432 608 26,

390 619 600 668 134o.2
636 616 695 667 et
730 619 825 682 24,
865 619 1129 680 1344.17‚
1171 617 1417 667 1345.12
1446 612 1560 680 bis,
1602 616 1839 680 1356.4,
1880 618 2036 667 1358.
2057 614 2174 681 27),
2214 628 2328 680 quo
2367 612 2435 665 in

389 699 595 752 genere
622 683 867 738 maxime
893 682 1177 737 notabiles
1216 685 1350 737 sunt
1385 682 1430 736 ii
1463 682 1591 750 loci,
1630 682 1836 751 quibus
1865 698 1950 751 ea,
1987 699 2136 751 quae
2163 682 2434 736 difficilia

388 757 580 808 essent
613 754 792 822 lectu,
836 753 1156 808 accuratius
1196 751 1498 822 descripsit
1534 769 1706 822 quam
1743 753 1874 821 abg
1911 756 2015 807 aut
2049 756 2200 807 certe
2235 752 2430 807 minus

386 824 625 879 licenter
659 825 1095 894 neglegenterve
1130 823 1420 891 tractavit,
1458 825 1524 879 ut
1557 842 1612 893 p.
1642 829 1764 879 410.
1783 830 1851 878 36
1878 823 1931 877 V
1957 824 2136 879 habet
2170 826 2266 879 sed
2302 842 2432 880 eum

385 898 573 963 uinus,
610 898 638 949 t
664 904 715 951 et
741 898 1115 963 sermulcinus,
1154 895 1287 965 abg
1322 901 1374 950 et
1407 895 1588 963 simul,
1628 894 1702 947 ad
1729 900 1852 949 479.
1871 901 1937 949 27
1966 912 2065 964 sq„
2104 900 2310 950 480.14
2339 913 2430 963 sq.

386 967 415 1020 t
451 973 633 1021 mutem
667 969 835 1039 syllos
872 968 994 1034 (aut
1028 967 1275 1022 consules
1313 967 1487 1035 illos),
1533 965 1623 1036 bg
1657 972 1839 1020 autem
1873 968 2024 1033 illos,
2073 982 2108 1019 a
2143 972 2245 1021 aut
2280 968 2430 1033 illos,

389 1040 511 1092 504.
532 1043 601 1091 35
631 1054 712 1105 sq.
742 1039 769 1090 t
805 1055 927 1093 cum
958 1055 1006 1107 q.
1034 1054 1211 1107 proae
1236 1055 1305 1107 q„
1334 1036 1385 1090 V
1403 1053 1528 1090 eum
1558 1038 1898 1105 questoribus
1924 1053 2102 1106 proae
2137 1044 2431 1108 questore-s,

389 1106 525 1176 abg
564 1125 687 1162 eum
732 1126 780 1177 q.
818 1110 1037 1177 cepione
1075 1123 1316 1177 proeoa,
1364 1112 1576 1160 512.18
1613 1106 1666 1160 V
1700 1113 1752 1162 et
1794 1108 2078 1175 comfecta,
2123 1108 2152 1161 t
2196 1109 2431 1175 itcorita,

389 1178 523 1246 abg
568 1181 651 1233 ita
696 1180 818 1247 (aut
852 1178 913 1248 b)
961 1184 1360 1245 consummata,
1410 1182 1526 1230 515.
1551 1182 1620 1230 29
1667 1178 1694 1230 t
1738 1195 1844 1246 quo
1891 1184 2018 1233 ante
2065 1180 2271 1249 (quoad
2315 1181 2431 1247 πε),

387 1247 425 1300 b
454 1266 561 1317 qao
597 1266 711 1317 nee,
750 1265 785 1301 a
812 1266 933 1319 quo,
973 1248 1043 1317 gi
1079 1265 1185 1317 quo
1221 1265 1306 1314 rie,
1344 1252 1466 1301 518.
1487 1252 1556 1301 23
1585 1250 1612 1301 t
1639 1250 1981 1317 profectione
2008 1249 2280 1318 (profecto
2315 1252 2431 1319 ne),

389 1318 551 1388 abgi
589 1320 874 1389 profectus
913 1336 1004 1386 me,
1054 1322 1173 1373 521.
1196 1324 1229 1371 3
1267 1335 1350 1385 sq.
1387 1320 1416 1371 t
1449 1319 1660 1372 illisue-s
1697 1320 1808 1386 (illi
1841 1320 2006 1387 suis),
2043 1318 2134 1387 bg
2169 1319 2312 1387 illis,
2362 1318 2433 1373 ai

386 1390 504 1444 illis
538 1392 652 1457 wel,
701 1394 876 1444 527.1
915 1390 1029 1444 elui
1064 1388 1133 1456 V,
1177 1390 1275 1461 ⁹eui
1318 1391 1370 1455 t,
1418 1390 1536 1443 eius
1582 1388 1736 1457 abg,
1785 1388 1860 1442 ad
1898 1394 2098 1457 5322,
2147 1394 2363 1444 547.1Ο
2405 1394 2436 1444 t

388 1461 526 1514 eae's.
567 1463 736 1515 etium
772 1460 1142 1529 (Caesetium),
1192 1458 1273 1511 ab
1311 1459 1453 1513 caes.
1491 1460 1679 1527 etiam,
1718 1458 1740 1511 i
1774 1462 1978 1515 caesar.
2017 1463 2206 1527 etiam,
2246 1465 2372 1516 560.
2397 1468 2428 1514 1

388 1531 678 1585 Parilibus
702 1532 745 1598 t,
776 1547 882 1600 per
907 1531 1036 1584 idus
1064 1531 1322 1599 quintiles
1346 1529 1487 1596 rell.,
1522 1530 1597 1583 ad
1627 1534 1746 1585 563.
1768 1536 1816 1584 9.
1864 1528 2086 1584 Codicis
2114 1530 2152 1583 b
2182 1530 2435 1601 scriptor

388 1602 606 1668 quanta
660 1618 795 1654 usus
851 1598 929 1655 sit
972 1599 1230 1667 licentia,
1289 1599 1429 1654 satis
1477 1602 1566 1653 est
1616 1616 1802 1668 pauca
1857 1600 2116 1669 exempla
2172 1601 2430 1656 adferre:

390 1686 442 1740 p.
472 1677 594 1725 366.
617 1676 685 1725 35
724 1687 827 1725 scr.
858 1688 951 1741 eqo
978 1673 1096 1740 ipse
1122 1672 1356 1739 conivw,
1395 1676 1598 1725 369.10
1625 1673 1915 1742 reliyiones
1939 1674 2209 1740 nominas,
2250 1679 2376 1727 379.
2398 1680 2429 1728 7

388 1741 496 1798 Sed
521 1742 658 1811 quid
689 1758 783 1811 eqo
812 1741 977 1795 docte
1005 1756 1158 1808 sane,
1197 1746 1408 1801 50122
1437 1743 1713 1797 custodiat
1745 1757 1848 1810 pro
1884 1750 2171 1810 conservet,
2209 1747 2334 1799 507.
2358 1750 2431 1799 10

390 1810 512 1865 sine
567 1810 739 1865 dubio
794 1810 949 1864 idem
1005 1811 1276 1880 scriptum
1331 1810 1550 1865 invenit
1604 1812 1755 1879 quod
1809 1814 1904 1881 at,
1960 1815 2036 1868 ad
2082 1821 2434 1883 praesentem

388 1887 613 1952 pao-tum
640 1881 697 1951 (i.
720 1898 766 1936 e.
789 1884 1054 1952 pastum),
1083 1899 1220 1938 corr.
1238 1914 1306 1923 —
1324 1890 1554 1948 statuam
1584 1898 1929 1951 quamquam
1955 1882 2110 1939 idem
2135 1883 2433 1940 interdum

390 1952 542 2006 solus
581 1969 709 2006 cum
736 1953 789 2007 V
816 1952 1099 2008 consentit
1132 1956 1200 2007 ut
1237 1959 1448 2008 501.13
1476 1953 1575 2008 Vb
1604 1956 1816 2024 opibus,
1854 1957 1988 2009 cett.
2016 1957 2206 2025 copiis,
2244 1955 2323 2011 ib.
2356 1964 2428 2012 31

388 2023 487 2077 Vb
516 2025 672 2092 obsit,
708 2023 829 2078 rell.
859 2027 949 2092 sit,
988 2029 1108 2079 510.
1131 2029 1197 2078 21
1230 2027 1514 2091 ominetur,
1555 2039 1591 2076 a
1648 2024 1745 2078 tb²
1773 2027 2098 2081 dominetwr.
2152 2026 2432 2081 Codicum

389 2093 457 2147 iv
484 2094 791 2148 admodum
826 2110 1005 2163 parva
1034 2096 1123 2148 est
1148 2094 1305 2150 fides.
1360 2094 1572 2148 Multos
1623 2111 1753 2149 ocos
1779 2094 1984 2149 harum
2011 2098 2179 2150 oratt.
2209 2100 2432 2152 tracta-

388 2166 523 2218 runt
565 2164 722 2219 Bak.
772 2164 956 2220 Schol.
986 2165 1135 2234 hyp.
1174 2165 1201 2218 I
1245 2183 1300 2234 p.
1333 2171 1651 2234 193-207,
1697 2165 1991 2236 Madvig.
2038 2165 2100 2220 in
2145 2166 2430 2225 Fleckeis.

390 2251 520 2290 ann.
543 2241 699 2304 1856,
737 2235 911 2304 Ieep.
941 2234 1157 2290 Gratul.
1188 2235 1263 2289 ad
1300 2235 1438 2305 phil.
1464 2234 1647 2290 Germ.
1677 2236 1928 2292 BrunsW.
1958 2253 2239 2306 congress.
2265 2244 2432 2308 1861,

388 2304 622 2375 Pluyg.
661 2305 773 2361 Mn.
807 2311 945 2360 1862
982 2324 1037 2375 p.
1067 2311 1306 2374 47-61,
1344 2305 1402 2361 O.
1431 2306 1495 2359 A.
1526 2307 1787 2361 Iordan.
1825 2323 2010 2377 progr.
2051 2308 2230 2363 Soest.
2263 2315 2430 2378 1864,

390 2374 607 2444 Camp.
638 2375 910 2431 Fleckeis.
941 2392 1069 2430 ann.
1102 2382 1241 2430 1865
1277 2395 1333 2446 p.
1356 2382 1664 2445 163-174,
1690 2377 1940 2433 Weber.
1977 2395 2164 2450 progr.
2184 2378 2431 2436 Wimar.

391 2451 548 2513 1871,
594 2445 893 2500 Hirschf.
932 2446 1203 2500 Fleckeis.
1243 2463 1372 2500 ann.
1405 2453 1540 2502 1871
1584 2466 1639 2516 p.
1670 2453 1988 2517 206-210,
2030 2450 2267 2506 ‘Ztschr.
2299 2451 2338 2506 f.
2373 2452 2432 2507 d.

391 2515 597 2571 G.—W.’
633 2523 768 2571 1871
807 2535 862 2586 Ρ.
893 2522 1140 2585 36-43,
1179 2515 1407 2571 Cobet.
1446 2519 1559 2573 Mn.
1592 2524 1730 2573 1879
1768 2536 1822 2588 Ρ.
1847 2524 2155 2576 113-179.

531 2587 592 2641 Ρ.
630 2593 751 2642 361.
774 2593 840 2642 13
887 2590 1205 2657 reperiebat
1238 2587 1500 2643 Kraffert.
1537 2605 1724 2658 progr.
1761 2588 1988 2645 Aurich.
2030 2596 2166 2645 1883
2212 2609 2269 2660 Ρ.
2302 2597 2433 2663 120,

388 2657 546 2724 prob.
575 2657 973 2712 Luterbacher.
997 2658 1288 2712 ‘Zeitschr.
1317 2657 1354 2712 f.
1385 2659 1438 2712 d.
1461 2658 1643 2714 G.-W.
1679 2659 2022 2715 Jahresber.’
2051 2667 2190 2715 1884
2220 2679 2280 2731 p.
2303 2667 2434 2719 171.

391 2725 687 2796 Sapienter
733 2728 899 2782 credo
946 2745 1139 2783 omnes
1193 2729 1342 2782 hanc
1397 2728 1850 2784 emendationem
1903 2730 2118 2785 nemini
2168 2749 2309 2801 non,
2363 2738 2435 2788 ut

390 2797 603 2866 opinor,
642 2801 1027 2854 occurrentem
1064 2801 1397 2868 aspernatos
1435 2815 1574 2854 esse.
1614 2830 1681 2840 -
1718 2800 1779 2856 P.
1819 2807 2031 2856 361.14
2069 2820 2150 2870 sq.
2217 2803 2434 2859 Melius

387 2868 595 2924 vellem
649 2871 793 2924 haec
836 2869 1237 2938 interpungere
1282 2885 1534 2939 possem,
1580 2871 1646 2923 ut
1690 2874 1992 2939 appareret
2035 2890 2086 2927 v.
2126 2874 2285 2929 Nwm
2330 2879 2436 2946 qui
2497 2889 2499 2896 ·

388 2956 458 2994 ex
492 2947 617 2995 rest.
648 2943 707 2994 et
734 2940 888 2996 Num
923 2943 1072 2994 imm.
1099 2943 1262 2995 datae
1300 2939 1529 3008 oblique
1564 2938 1918 3010 interrogari.
1975 2942 2118 2998 Edd.
2149 2947 2216 2998 ut
2252 2961 2434 3015 saepe
2495 3007 2497 3014 Ι

388 3009 450 3062 in
494 3009 743 3079 obliquis
797 3008 1340 3078 interrogationibus
1377 3009 1408 3064 ἓ
1443 3013 1676 3078 ponunt.
1724 3042 1793 3052 —
1839 3012 1900 3068 P.
1940 3019 2060 3068 361.
2084 3019 2151 3068 16
2199 3015 2436 3072 Nullas
2495 3025 2497 3041 '

394 3081 605 3135 ‘Madv
644 3079 705 3133 in
742 3079 828 3134 ed.
868 3087 901 3134 3
940 3095 1009 3132 ex
1046 3079 1187 3134 coni.
1225 3080 1645 3149 Wesenbergii’
1686 3082 1843 3136 haud
1880 3083 1996 3138 scio
2035 3099 2110 3137 an
2143 3089 2318 3142 recte.
2359 3120 2434 3128 -

387 3151 449 3206 P.
480 3157 602 3206 361.
623 3157 688 3204 21
722 3151 1059 3219 possederat
1083 3149 1356 3216 Hirschf.;
1396 3150 1464 3206 cf.
1495 3151 1641 3207 dom.
1669 3169 1725 3222 p.
1753 3159 1982 3210 498.14.
2012 3185 2081 3196 —
2117 3155 2178 3210 Ρ.
2209 3163 2334 3213 361.
2356 3165 2432 3212 22

386 3239 447 3276 re
484 3221 614 3275 add.
652 3220 1011 3274 Klussmann.
1046 3219 1355 3274 ‘Tulliana’
1395 3239 1450 3290 p.
1482 3226 1647 3278 1-6.
1687 3254 1756 3264 -
1791 3224 1855 3280 Ρ.
1893 3231 2017 3281 361.
2039 3231 2104 3279 31
2144 3228 2432 3294 fumestwm

389 3289 583 3359 Camp.
621 3308 675 3360 p.
707 3296 835 3358 163,
886 3292 1153 3359 inviswm,
1190 3293 1354 3361 peius
1389 3299 1508 3348 twm
1541 3293 1786 3349 K1ussm.
1824 3294 1928 3350 1.1.
1966 3314 2020 3366 p.
2054 3303 2102 3365 6,
2151 3299 2432 3356 iniustum

387 3359 672 3415 Hammer.
708 3360 953 3414 ‘Blatter
985 3359 1024 3414 f.
1056 3361 1109 3415 d.
1138 3361 1192 3415 b.
1224 3361 1429 3418 G.-W.’
1464 3369 1618 3419 1882.
1650 3396 1717 3405 -
1749 3365 1811 3421 Ρ.
1841 3373 1963 3421 361.
1985 3372 2054 3421 35
2091 3369 2228 3424 illa
2254 3388 2432 3441 porro

388 3427 595 3485 Eberh.
704 3428 832 3483 ochi
867 3429 955 3484 ed.
985 3430 1038 3483 H
1077 3433 1240 3504 1879]
1278 3435 1418 3498 tac.;
1457 3434 1532 3486 ad
1566 3452 1621 3504 p.
1652 3441 1738 3490 93.
1759 3442 1844 3491 36.
1874 3467 1943 3477 -
1980 3436 2041 3492 Ρ.
2072 3443 2245 3494 362.1
2285 3445 2433 3498 urbe

389 3497 567 3568 bgti,
662 3500 845 3569 berh.,
897 3503 1085 3556 wrbem
1120 3502 1243 3572 Va,
1290 3504 1498 3573 Klotz,
1552 3505 1767 3576 Halm.,
1820 3507 1990 3576 Kays.
2031 3539 2099 3548 —
2144 3509 2208 3566 P.
2250 3518 2433 3569 3625
