2550 3875
868 153 1021 209 cAP.
1060 161 1237 211 8--10
1276 161 1308 222 5
1346 161 1610 216 20-26..
2089 155 2218 220 143

182 315 695 400 communicare3
730 315 802 381 in
838 317 1054 382 socios
1090 338 1244 381 vero
1281 317 1462 401 ipsos
1499 321 1568 382 et
1603 317 1674 382 in
1699 339 1832 400 eos,
1870 316 1947 381 de
1978 317 2216 401 quibus

179 402 472 488 agimus,
525 402 897 470 foederatos
952 405 1342 470 iniuriosum
1396 410 1485 470 et·
1519 405 2064 471 contumeliosum
2115 411 2217 471 est

177 490 263 642 {³5
304 492 881 646 ἒέἓῗέῗὲεἰῗὲἒε
888 493 1168 646 ¹²53?ss
1152 515 1402 666 11ζὲἔὲ
1404 493 2216 665 ωἱῖἰιῗῗζὲᾶὲξέῗὲἶῖἒ

124 682 153 723 5
178 670 455 750 pateant
506 668 831 754 hostibus,
884 672 1157 754 pateant
1211 691 1406 755 saepe
1438 604 1664 735 Isbrvis.
1745 604 1922 735 Nalm
1977 671 2217 755 stipen-

182 754 427 820 diarios
474 777 555 821 ex
597 756 851 840 Africa,
904 755 1156 842 Sicilia,
1202 756 1532 842 Sardinia,
1579 759 1815 823 ceteris
1861 759 2215 842 provinciis

180 844 426 910 multos
488 844 755 910 civitate
809 807 1087 911 donatos
1142 846 1462 930 videmus,
1527 850 1620 931 et,
1683 847 1798 930 qui
1851 847 2077 912 hostes
2134 848 2216 912 ad
2279 887 2288 896 -

176 936 447 998 nostros
510 933 941 1018 imperatores
995 933 1442 1020 perfugissent
1493 938 1564 1000 et
1618 955 1858 1020 magno
1913 935 2065 999 usui
2119 936 2214 1000 rei

176 1020 482 1103 publicae
515 1025 783 1088 nostrae
819 1021 1118 1108 fuissent,
1154 1023 1398 1088 scimus
1437 1023 1703 1088 civitate
1739 1043 1881 1087 esse
1910 1024 2215 1107 donatos3

104 1123 155 1163 1⁰
182 1129 409 1174 servos
456 1110 761 1195 denique,
817 1132 1095 1196 quorum
1138 1111 1267 1194 ius,
1313 1109 1604 1195 fortuna,
1647 1111 1944 1176 condicio
1989 1111 2216 1175 infima

180 1200 300 1282 est,
345 1197 514 1263 bene
559 1198 639 1263 de
682 1220 755 1264 re
800 1198 1067 1300 publica
1112 1200 1384 1264 meritos
1429 1220 1739 1284 persaepe
1776 1199 2103 1283 libertate,
2146 1199 2214 1263 id

180 1288 283 1350 est
330 1285 627 1371 civitate,
670 1278 932 1371 pubhce
980 1287 1208 1353 donari
1253 1293 1565 1352 vldemus.

312 1371 505 1439 Hanc
542 1378 617 1439 tu
653 1375 879 1460 igitur,
918 1379 1194 1460 patrone
1230 1375 1566 1441 foederum
1603 1397 1680 1441 ac
1714 1374 2214 1459 foederatorum,
2236 1339 2321 1478 ἐξ

181 1463 632 1528 condicionem
677 1464 917 1529 statuis
967 1462 1338 1549 Gaditanis,
1388 1465 1522 1529 tuis
1571 1464 1849 1547 civibus,
1894 1467 1996 1549 ut,
2043 1427 2215 1549 quod

110 1565 154 1605 ω
177 1551 283 1637 ιιι,
329 1573 495 1636 quos
540 1552 797 1638 magnis
844 1552 1052 1616 adiuti
1095 1552 1309 1634 opibus
1349 1573 1394 1616 a
1437 1553 1793 1618 maioribus
1834 1553 1970 1616 tuis
2004 1551 2208 1617 armis

180 1640 565 1725 subegimus
595 1639 842 1724 atque
821 1663 893 1704 1n
918 1641 1242 1706 dicionem
1266 1645 1566 1706 nostram
1584 1640 1972 1727 redegimus,
2000 1641 2216 1725 liceat,

182 1733 242 1794 si
292 1729 577 1812 populus
621 1728 958 1794 Romanus
1013 1729 1412 1813 permiserit,
1469 1733 1547 1793 ut
1593 1729 1676 1793 ab
1725 1733 1958 1794 senatu
2015 1732 2084 1794 et
2129 1730 2213 1794 ab

183 1817 697 1901 imperatoribus
748 1817 998 1882 nostris
1050 1817 1318 1882 civitate
1374 1817 1723 1902 donentur,
1776 1817 1846 1881 id
1888 1839 1970 1882 ne
2016 1817 2216 1882 liceat

182 1905 393 2007 ips-is?
488 1904 616 1983 Qui
672 1903 730 1971 si
786 1906 922 1972 suis
974 1905 1252 1972 decretis
1297 1905 1636 1993 legibusve
1683 1905 2078 1990 sanxissent,
2130 1928 2213 1973 ne

108 2008 158 2050 2⁰
183 1994 332 2079 quis
368 2014 636 2059 suorum
663 1995 904 2061 civium
933 1998 1151 2060 castra
1176 1995 1649 2096 imperatorum
1676 1995 1906 2079 populi
1932 1994 2214 2059 Romani

182 2082 407 2166 iniret,
469 2104 553 2147 ne
614 2084 761 2167 quis
816 2104 887 2148 se
938 2104 1061 2167 pro
1114 2086 1342 2148 nostro
1399 2082 1674 2166 imperio
1727 2083 1801 2147 in
1853 2084 2216 2167 periculum

184 2172 421 2255 capitis
462 2173 659 2255 atque
704 2172 775 2236 ιιι
810 2172 983 2236 vitae
1023 2171 1372 2237 discrimen
1405 2171 1694 2254 inferret,
1743 2169 2216 2235 Gaditanorum

183 2259 464 2343 auxiliis,
494 2281 643 2324 cum
668 2260 1001 2343 vellemus,
1028 2260 1128 2324 uti
1155 2260 1350 2325 nobis
1378 2263 1455 2324 ut
1473 2259 1719 2344 liceret,
1746 2260 2041 2343 privatus
2059 2280 2213 2323 vero

181 2370 265 2414 ne
312 2347 462 2448 quis
507 2348 610 2413 vir
650 2351 719 2412 et
754 2348 971 2413 ammo
1011 2351 1080 2413 et
1114 2348 1357 2413 virtute
1394 2348 1794 2431 praecellens
1829 2369 1950 2449 pro
1987 2351 2214 2413 nostro

112 2448 158 2489 2⁵
184 2436 461 2521 imperio
505 2436 796 2519 periculo
845 2457 963 2501 suo
1011 2436 1369 2520 dimicaret,
1415 2436 1706 2521 graviter
1741 2434 1865 2499 id
1845 2456 1986 2501 iure
2021 2435 2216 2501 ferre-

182 2545 357 2607 mus,
410 2524 621 2589 minui
670 2524 913 2589 auxilia
956 2525 1185 2609 populi
1230 2522 1541 2608 Romani,
1587 2524 1918 2589 debilitari
1965 2524 2217 2589 animos

181 2613 695 2678 fortissimorum
752 2612 1069 2697 virorum,
1130 2612 1646 2697 alienigenarum
1697 2634 1820 2678 nos
1873 2613 2215 2677 hominum

182 2701 419 2766 studiis
459 2704 655 2784 atque
694 2704 961 2766 externa
995 2701 1238 2765 virtute
1266 2700 1530 2785 privari.
1589 2700 1796 2785 Atqui
1822 2700 1992 2765 nihil
2019 2702 2216 2765 inter-
2235 2701 2305 2749 26

184 2792 302 2875 est,
345 2789 613 2873 iudices,
660 2792 885 2854 utrum
927 2790 1091 2854 haec
1136 2788 1457 2854 foederati
1491 2790 1638 2854 iura
1674 2790 2094 2872 constituant,
2143 2791 2217 2852 ut

115 2889 161 2929 ³⁰
183 2900 265 2943 ne
312 2878 420 2943 cui
465 2877 664 2943 liceat
706 2899 787 2943 ex
826 2878 908 2943 iis
944 2877 1324 2943 civitatibus
1361 2878 1443 2943 ad
1476 2880 1855 2942 nostrorum
1890 2878 2214 2941 bellorum

184 2964 477 3051 pericula
522 2966 844 3050 accedere,
888 2988 989 3050 an,
1038 2987 1203 3050 quae
1237 2987 1362 3031 nos
1399 2986 1626 3031 eorum
1663 2965 1914 3030 civibus
1951 2964 2216 3027 virtutis

0 3097 4 3181 k
186 3075 383 3120 causa
432 3053 886 3138 tribuerimus,
938 3075 1019 3118 ea
1063 3058 1209 3118 rata
1256 3075 1398 3119 esse
1441 3075 1578 3118 non
1618 3053 1895 3139 possint.
1987 3050 2215 3115 Nihilo

186 3143 362 3208 enim
406 3142 621 3243 magis
666 3145 999 3207 uteremur
1042 3143 1127 3207 iis
1172 3142 1582 3207 adiutoribus
1629 3140 1906 3206 sublatis
1952 3139 2216 3203 virtutis

3 3290 5 3307 ,
186 3231 513 3316 praemiis,
560 3252 759 3315 quam
804 3231 861 3295 si
908 3231 1173 3296 omnino
1219 3231 1304 3295 iis
1343 3230 1592 3295 versari
1636 3230 1708 3293 in
1740 3228 1987 3293 nostris
2025 3227 2217 3293 bellis

5 3398 7 3401 y
119 3341 161 3381 ιε
185 3342 317 3385 non
371 3320 617 3385 liceret
701 3318 994 3403 Etenim,
1050 3340 1199 3383 cum
1242 3340 1362 3402 pro
1412 3339 1532 3383 sua
1575 3317 1792 3401 patria
1829 3316 2022 3400 pauci
2065 3319 2219 3399 post

186 3428 393 3494 genus
453 3408 798 3473 hominum
850 3410 1078 3471 natum
1130 3406 1373 3491 reperti
1430 3407 1562 3470 sint
1619 3405 1730 3488 qui
1780 3403 1982 3467 nullis
2038 3424 2218 3487 prae-

184 3496 333 3562 miis
360 3494 724 3581 propositis
748 3495 955 3560 vitam
982 3516 1170 3560 suam
1197 3494 1491 3559 hostium
1517 3493 1667 3556 telis
1697 3491 2072 3572 obiecerint,
2097 3512 2218 3571 pro
