2550 3875
343 152 478 216 216
883 147 1030 202 PRO
1071 146 1185 203 CN.
1223 145 1538 202 PLANCIO
1578 144 1864 200 ORATIO.

348 312 619 376 tribuno
665 310 755 393 pl.
801 308 1267 393 potentissimo
1305 307 1577 391 homini,
1622 307 1711 372 M.
1749 306 1987 390 Druse,
2024 307 2139 373 sed
2176 307 2389 372 multa

347 400 420 464 in
463 421 534 463 re
578 397 846 482 publica
890 396 1207 480 molienti,
1254 417 1404 462 cum
1446 396 1560 460 ille
1606 417 1758 460 eum
1802 396 2157 460 salutasset
2192 400 2266 478 et,
2310 402 2387 462 ut

347 487 455 569 fit,
519 485 819 550 dixisset·
892 483 1088 560 Quid
1148 485 1321 570 agis,
1387 482 1657 549 Grani?
1718 483 2082 567 respondit:
2148 482 2385 550 Immo

349 595 505 640 vero
562 578 670 658 tu,
723 572 966 656 Druse,
1022 572 1178 656 quid
1234 572 1455 658 agis‘P’
1548 570 1669 636 Ille
1715 570 1788 636 L.
1837 570 2085 655 Crassi,
2136 572 2253 637 ille
2296 573 2383 638 M.

347 662 600 728 Antoni
664 661 1075 726 voluntatem
1147 658 1590 745 asperioribus
1662 659 1921 726 facetiis
1990 681 2181 744 saepe
2245 683 2385 744 per·
2438 685 2466 725 5

349 749 620 816 strinxit
673 749 932 834 inpune.
1023 748 1216 813 Nunc
1270 770 1479 832 usque
1536 769 1613 813 00
1659 751 1762 813 est
1808 769 2122 832 oppressa
2165 753 2387 814 vestra

349 837 741 940 adrogantia
806 838 1065 920 civitas,
1135 840 1238 920 ut,
1309 858 1473 921 quae
1536 834 1666 900 fuit
1725 835 1887 901 olim
1947 837 2260 919 praeconi
2316 838 2388 902 in

349 925 639 1008 ridend0,
681 947 855 991 nunc
902 924 1110 1009 equiti
1145 923 1502 989 Romano‘
1482 947 1554 990 m
1587 924 1905 1008 plorando
1939 945 2076 988 non
2110 925 2201 989 sit
2240 947 2387 990 con-

259 1037 332 1085 34
351 1036 535 1080 cessa
588 977 880 1078 libertas.
975 1012 1156 1089 Quae
1211 1013 1386 1077 enim
1440 1034 1753 1096 umquam
1796 1011 1926 1077 fuit
1971 1011 2199 1078 Planci
2259 1035 2387 1079 vox

351 1102 787 1168 contumeliae
822 1101 1045 1186 potius
1084 1122 1284 1185 quam
1320 1100 1610 1165 doloris?
1659 1100 1815 1185 quid
1852 1103 1955 1165 est
1992 1104 2214 1166 autem
2249 1124 2467 1166 um-1o

350 1212 549 1275 quam
614 1193 913 1274 questus,
973 1188 1106 1253 nisi
1175 1211 1325 1253 cum
1389 1212 1430 1254 a
1485 1188 1679 1254 sociis
1736 1192 1805 1252 et
1858 1210 1899 1252 a
1952 1209 2024 1254 se
2076 1189 2389 1254 iniuriam

347 1279 768 1364 propulsaret
783 1278 818 1342 Ῥ
909 1275 1077 1343 Cum
1141 1281 1409 1342 senatus
1463 1276 1917 1361 impediretur,
1972 1298 2101 1360 quo
2151 1277 2389 1362 minuS,

348 1367 417 1432 id
482 1367 659 1451 quod
709 1365 1016 1431 hostibus
1076 1386 1333 1449 semper
1386 1369 1528 1429 erat
1582 1365 1935 1449 tributum,
1997 1387 2389 1468 responsum

349 1455 684 1539 equitibus
748 1453 1065 1518 Romanis
1129 1453 1533 1537 redderetur,
1598 1453 1903 1518 omnibus
1964 1452 2084 1518 illa
2147 1453 2389 1518 iniuria

349 1542 564 1607 dolori
625 1540 756 1606 fuit
816 1541 1214 1626 publicanis„
1279 1541 1392 1606 sed
1456 1562 1605 1606 eum
1658 1542 1877 1625 ipsum
1931 1541 2227 1606 dolorem
2277 1542 2388 1607 hic
2416 1563 2469 1605 15

349 1630 510 1694 tulit
563 1630 762 1713 paulo
819 1630 1130 1714 apertius.
1223 1628 1604 1695 Communis
1658 1629 1771 1693 ille
1829 1651 2058 1694 sensus
2111 1630 2184 1694 in
2238 1630 2387 1695 aliis

349 1718 633 1783 fortasse
670 1717 899 1801 latuit3
941 1718 1069 1802 hic,
1108 1718 1284 1802 quod
1322 1739 1470 1782 cum
1507 1717 1743 1783 ceteris
1782 1717 1999 1782 animo
2040 1718 2390 1800 sentiebat,

351 1806 418 1871 id
472 1805 685 1891 magis
743 1827 942 1890 quam
1001 1805 1201 1870 ceteri
1256 1809 1326 1869 et
1381 1806 1569 1870 vultu
1613 1809 1997 1890 promptum
2038 1806 2278 1871 habuit
2322 1810 2390 1872 et

261 1915 332 1966 35
351 1894 596 1981 lingua.
690 1892 1130 1979 Quamquam,
1183 1893 1457 1978 iudices,
1525 1893 1840 1980 (agnosco
1898 1893 2072 1959 enim
2127 1916 2208 1961 ex
2253 1891 2387 1982 me)

349 1983 683 2067 permulta
744 1983 815 2047 in
867 1982 1238 2066 Plancium,
1303 2004 1469 2067 quae
1524 1984 1608 2047 ab
1664 2004 1741 2048 eo
1795 2004 2156 2067 numquam
2213 1984 2390 2049 dicta
2416 2009 2473 2065 zo
2548 1998 2550 2003 ·

353 2075 536 2155 sunt,
593 2070 1033 2137 conferuntur.
1123 2070 1272 2157 Ego
1330 2071 1485 2155 quia
1535 2071 1682 2136 dico
1742 2071 1990 2155 aliquid
2036 2071 2389 2155 aliquando

350 2181 486 2224 non
532 2159 751 2224 studio
799 2159 1136 2243 adductus,
1183 2158 1299 2223 sed
1344 2162 1460 2225 aut
1506 2160 1925 2226 contentione
1971 2159 2228 2224 dicendi
2276 2164 2391 2225 aut

352 2247 726 2332 lacessitus,
782 2251 850 2313 et
906 2248 1084 2331 quia,
1144 2250 1220 2312 ut
1263 2247 1345 2311 fit
1406 2247 1477 2311 in
1531 2247 1787 2331 multis,
1842 2246 1979 2312 exit
2035 2248 2390 2332 aliquando

353 2335 602 2419 aliquid
665 2335 725 2400 si
787 2356 920 2399 non
982 2334 1415 2419 perfacetum,
1488 2339 1557 2400 at
1621 2340 1846 2401 tamen
1907 2336 2191 2401 fortasse
2255 2358 2393 2401 non

351 2424 698 2506 rusticum,
759 2424 934 2507 quod
989 2423 1263 2508 quisque
1318 2422 1512 2507 dixit,
1566 2446 1671 2488 me
1715 2423 1793 2488 id
1848 2424 2087 2488 dixisse
2143 2424 2391 2490 dicunt.
2422 2447 2472 2487 25

350 2510 501 2596 Ego
575 2515 826 2594 autem,
898 2511 957 2576 si
1030 2511 1187 2596 quid
1259 2514 1388 2595 est,
1462 2513 1636 2595 quod
1707 2511 1873 2576 mihi
1940 2512 2182 2577 scitum
2246 2534 2394 2577 esse

352 2600 652 2665 videatur
696 2604 767 2664 et
807 2599 1074 2665 homine
1117 2600 1404 2685 ingenuo
1452 2599 1725 2685 dignum
1760 2604 1957 2683 atque
1996 2600 2209 2684 doct0,
2254 2622 2395 2666 non

355 2709 697 2773 aspernor,
752 2688 1158 2772 stomachor,
1216 2709 1365 2753 cum
1421 2687 1702 2752 aliorum
1743 2710 1878 2753 non
1924 2710 2027 2753 me
2073 2688 2275 2773 digna
2320 2689 2395 2753 in

354 2798 459 2841 me
508 2775 948 2841 conferuntur.
1039 2775 1215 2840 Nam
1271 2775 1446 2860 quod
1499 2776 1751 2860 primus
1807 2775 2001 2842 scivit
2045 2776 2264 2862 legem
2310 2777 2393 2841 de

351 2864 723 2949 publicanis
786 2869 958 2948 tum,
1022 2886 1171 2930 cum
1227 2864 1331 2928 vir
1386 2864 1829 2949 amplissimus
1886 2864 2114 2929 consul
2168 2864 2236 2929 id
2290 2864 2394 2928 illi
2422 2888 2475 2928 ³0

354 2952 569 3018 ordini
640 2972 759 3037 per
828 2952 1148 3036 populum
1219 2952 1424 3036 dedit,
1499 2952 1672 3036 quod
1742 2974 1859 3035 per
1931 2957 2260 3034 senatum,
2336 2952 2399 3017 si

352 3040 670 3123 licuisset,
715 3038 1020 3123 dedisset,
1065 3040 1124 3105 si
1159 3038 1233 3103 in
1259 3061 1336 3104 00
1376 3040 1621 3105 crimen
1658 3044 1777 3125 est,
1815 3040 1969 3125 quia
1982 3040 2397 3141 ‘suffragium
2450 3056 2475 3087 ἐ

352 3128 530 3211 tulit,
569 3127 716 3211 quis
752 3149 888 3192 11011
923 3091 1082 3193 tulit
1116 3127 1549 3210 publicanus?
1588 3128 1663 3212 si,
1709 3128 1876 3231 quia·
1896 3128 2149 3213 primus
2180 3128 2397 3211 scivit,

352 3220 580 3280 utrum
642 3214 711 3279 id
776 3216 977 3280 sortis
1043 3236 1184 3279 esse
1243 3216 1344 3280 vis
1400 3237 1485 3279 an
1539 3216 1705 3299 eius,
1768 3217 1881 3301 qui
1934 3217 2121 3281 illam
2174 3217 2398 3302 legem

353 3303 654 3367 ferebat?
757 3299 828 3367 Si
884 3303 1114 3386 sortis,
1176 3303 1434 3367 nullum
1497 3267 1746 3368 crimen
1798 3308 1903 3370 est
1956 3304 2025 3370 in
2085 3326 2268 3390 casu3
2335 3304 2395 3369 si
2424 3326 2475 3367 ³5

355 3389 672 3472 consulis,
727 3390 1036 3473 splendor
1091 3389 1293 3454 etiam
1339 3390 1566 3455 Planci
1619 3391 1795 3457 hunc
1850 3414 1891 3456 a
1944 3414 2201 3458 summo
2246 3392 2394 3457 viro

353 3476 720 3563 principem
765 3498 907 3541 esse
955 3477 1202 3542 ordinis
1248 3478 1624 3543 iudicatum.
