2550 3875
814 134 966 190 CAP.
1006 141 1144 189 4-7
1184 141 1217 201 s
1256 140 1486 189 11-15,
2133 138 2172 200 ἰ

122 302 207 362 ut
258 300 678 381 quaesturam
717 295 1134 361 Macedoniae
1181 296 1548 381 relinquam
1588 300 1657 362 et
1703 298 2053 382 aliquando
2091 299 2174 364 ad

121 387 298 451 haec
347 385 653 469 propiora
689 385 963 449 veniam.
1048 384 1464 468 Quamquam
1500 406 1634 450 ιιοιι
1671 390 1772 450 est
1810 386 2174 452 omittenda

126 473 489 555 singularis
528 473 644 536 illa
687 472 1037 557 integritas
1078 473 1519 556 provinciam,
1567 473 1750 538 cuius
1797 494 1920 559 ego
1964 496 2174 558 nuper

124 562 201 625 in
247 560 633 625 Macedonia
677 560 812 624 vidi
856 561 1141 645 vestigia
1192 583 1328 626 non
1371 582 1600 645 pressa
1653 561 1887 626 leviter
1941 562 2023 626 ad
2069 584 2173 627 ex-

68 666 97 707 ⁵
127 648 1263 821 ἓῇῗέεῗῗὲῗὲἕέἶᾷἒ“ἒέ“ὲιζῗέἓέξὲξ
1297 649 1774 802 affim-
1755 650 2174 821 ιξθζέὲῗιῖἲ

126 846 357 889 eamus
370 874 388 907 ,
441 828 517 888 ut
573 828 795 888 tamen
846 824 1177 909 intuentes
1234 828 1306 889 et
1357 829 1804 910 respectantes
1851 826 2174 910 relinqua-

125 934 309 995 mus;
373 912 454 976 ad
509 911 947 995 tribunatum,
1010 912 1125 995 qui
1180 912 1322 995 ipse
1385 914 1468 977 ad
1534 934 1675 979 sese
1738 914 1872 977 iam
1930 914 2173 979 dudum
2201 915 2244 979 6

124 1004 344 1066 vocat
400 1004 469 1065 et
531 1000 813 1083 quodam
878 999 1071 1066 modo
1137 1000 1448 1066 absorbet
1511 1001 1876 1066 orationem
1941 1024 2173 1086 meam,

38 1106 95 1147 ιο
126 1092 444 1154 contento
492 1087 712 1153 studio
758 1108 1080 1171 cursuque
1125 1089 1480 1154 veniamus.
2179 1123 2276 1213 (6)

265 1174 367 1241 De
431 1197 561 1259 quo
626 1176 889 1259 quidem
954 1176 1294 1241 tribunatu
1357 1176 1454 1241 ita
1515 1177 1764 1242 dictum
1829 1181 1932 1241 est
1987 1199 2027 1241 a
2091 1177 2219 1265 Q.1

122 1264 511 1347 Hortensio,
555 1267 633 1328 ut
678 1264 818 1329 eius
858 1264 1071 1329 oratio
1111 1284 1247 1328 non
1282 1263 1724 1329 defensionem
1769 1266 1964 1331 modo
2001 1265 2171 1329 vide-

122 1356 317 1417 retur
354 1352 699 1416 criminum
746 1351 1098 1436 continere,
1145 1352 1258 1417 sed
1297 1353 1498 1417 etiam
1545 1353 1862 1418 memoria
1907 1354 2174 1437 dignam

123 1440 461 1505 iuventuti
507 1440 602 1505 rei
647 1440 947 1523 publicae
995 1440 1429 1524 capessendae
1477 1441 1939 1507 auctoritatem
1985 1442 2175 1507 disci—

40 1546 93 1587 15
124 1528 513 1613 plinamque
569 1528 1029 1611 praescribere.
1124 1526 1252 1593 Sed
1308 1533 1555 1613 tamen,
1611 1531 1920 1613 quoniam
1965 1529 2173 1594 tribu-

122 1620 330 1681 natus
398 1620 579 1681 totus
633 1615 707 1679 P.
765 1614 940 1681 Sesti
1001 1616 1169 1681 nihil
1228 1616 1405 1681 aliud
1457 1617 1588 1682 nisi
1653 1640 1872 1682 meum
1933 1638 2176 1683 nomen

123 1725 528 1787 causamque
576 1703 917 1788 sustinuit,
970 1705 1341 1770 necessario
1389 1704 1552 1769 mihi
1599 1706 1678 1769 de
1722 1706 1932 1770 isdem
1976 1706 2174 1771 rebus

122 1814 277 1858 esse
334 1792 622 1855 arbitror
667 1792 726 1855 si
776 1814 911 1857 non
966 1792 1275 1876 suptilius
1335 1793 1824 1877 disputandum,
1881 1798 1951 1858 at
1997 1798 2174 1858 certe

124 1880 462 1946 dolentius
519 1879 1032 1981 deplorandum..
1099 1878 1243 1982 Qua
1295 1880 1368 1946 in
1422 1881 1718 1947 oratione
1764 1881 1822 1948 si
1877 1881 2173 1966 asperius

40 1989 97 2028 ²⁰
124 1968 1582 2140 «Ἑαθῖἓὲῗῗῇἷοέᾛῗὲἔωῗζὲῗέήέθὲἕῗέθ
1617 1991 1914 2123 3135..ssss
1914 1991 2174 2140 2553,

123 2145 315 2210 vocis
372 2144 677 2208 libertate
741 2145 1300 2230 perstringerem?
1394 2144 1521 2210 Sed
1581 2167 1776 2231 agam
1837 2146 2172 2210 moderate

124 2238 201 2298 et
255 2233 453 2296 huius
506 2233 728 2316 potius
789 2233 1072 2317 tempori
1129 2233 1409 2298 serviam
1475 2255 1670 2318 quam
1724 2234 1935 2298 dolori
1999 2254 2174 2316 meo3

128 2322 191 2385 si
241 2321 357 2403 qui
405 2320 656 2384 occulte
704 2342 743 2384 a
789 2321 1000 2385 salute
1046 2325 1276 2386 nostra
1321 2321 1745 2406 dissentiunt,
1789 2323 2070 2406 lateant3
2116 2320 2174 2385 si

40 2427 95 2468 25
128 2409 247 2493 qui
288 2407 583 2474 fecerunt
618 2408 864 2492 aliquid
902 2409 1250 2492 aliquando
1291 2413 1488 2492 atque
1517 2410 1726 2475 eidem
1751 2431 1925 2475 nunc
1953 2413 2175 2474 tacent

125 2502 198 2561 et
246 2496 610 2580 quiescunt,
654 2518 775 2560 nos
824 2517 1081 2580 quoque
1122 2497 1327 2562 simus
1375 2497 1595 2583 obliti3
1643 2499 1699 2562 si
1747 2498 1860 2582 qui
1907 2517 1976 2561 se
2024 2497 2174 2563 offe-

124 2589 316 2668 runt,
380 2584 814 2669 insectantur,
870 2585 1083 2668 quoad
1135 2585 1296 2649 ferri
1348 2590 1689 2670 poterunt,
1752 2585 2174 2670 perferemUS‚

122 2693 344 2756 neque
382 2693 776 2756 quemquam
822 2672 1107 2738 offendet
1153 2673 1366 2738 oratio
1413 2695 1578 2758 mea,
1622 2674 1753 2738 nisi
1802 2674 1915 2758 qui
1961 2695 2031 2738 se
2075 2674 2174 2737 ita

125 2759 478 2845 optulerit,
532 2764 608 2824 ut
653 2761 724 2824 in
779 2782 930 2825 eum
983 2783 1117 2826 non
1170 2761 1514 2845 invasisse,
1571 2763 1684 2826 sed
1738 2761 2172 2827 incucurrisse

38 2867 96 2908 ao
124 2849 483 2913 videamur.

266 2933 396 3001 Sed
449 2957 713 3002 necesse
764 2940 892 3020 est,
948 2940 1301 3020 antequam
1355 2938 1433 3002 de
1488 2938 1830 3003 tribunatu
1875 2936 1948 3002 P.
1997 2934 2172 3001 Sesti
2195 2959 2262 3008 15

124 3027 345 3090 dicere
383 3024 711 3108 incipiam,
752 3047 856 3090 me
894 3029 1115 3090 totum
1152 3025 1509 3109 superioris
1549 3027 1702 3090 anni
1738 3025 1833 3089 rei
1869 3024 2172 3108 publicae

121 3111 552 3198 naufragium
599 3133 919 3214 exponere
932 3163 951 3197 ‚
996 3113 1067 3178 in
1112 3135 1241 3197 quo
1288 3113 1658 3199 colligendo
1705 3135 1782 3178 ac
1828 3112 2174 3176 reficienda

126 3202 344 3266 salute
420 3201 751 3266 communi
823 3201 1043 3266 omnia
1106 3201 1514 3285 reperientur
1584 3199 1658 3266 P.
1725 3199 1900 3266 Sesti
1976 3198 2172 3283 facta,

42 3306 97 3346 ³5
126 3289 325 3372 dicta,
374 3287 649 3353 consilia
691 3293 967 3354 versata.
1012 3289 1060 3373 †
1106 3288 1352 3354 Fuerat
1394 3289 1507 3354 ille
1555 3310 1762 3353 annus
1809 3292 1948 3351 tam
1993 3288 2064 3352 in
2101 3309 2170 3352 re
2211 3306 2249 3369 7

122 3377 421 3462 publica,
481 3376 755 3461 iud1ceS,
820 3399 965 3442 cum
1022 3377 1094 3441 in
1148 3398 1390 3462 magno
1446 3380 1634 3441 motu
1688 3380 1756 3440 et
1812 3376 2171 3440 multorum

124 3465 367 3530 timore
422 3464 717 3530 intentus
771 3471 862 3530 est
922 3487 1109 3531 arcus
1164 3465 1237 3530 in
1291 3487 1394 3529 me
1451 3486 1679 3549 unum,
1746 3463 1917 3528 sicut
1971 3464 2170 3549 vulgo
