<?xml version="1.0" encoding="UTF-8"?>
<!DOCTYPE html PUBLIC "-//W3C//DTD XHTML 1.0 Transitional//EN"
    "http://www.w3.org/TR/xhtml1/DTD/xhtml1-transitional.dtd">
<html xmlns="http://www.w3.org/1999/xhtml" xml:lang="en" lang="en">
 <head>
  <title>
</title>
<meta http-equiv="Content-Type" content="text/html;charset=utf-8" />
  <meta name='ocr-system' content='tesseract 3.04.00' />
  <meta name='ocr-capabilities' content='ocr_page ocr_carea ocr_par ocr_line ocrx_word'/>
</head>
<body>
  <div class='ocr_page' id='page_1' title='image "./scriptaquaemans00mlgoog_0544.png"; bbox 0 0 2550 3875; ppageno 0'>
   <div class='ocr_carea' id='block_1_1' title="bbox 338 151 2107 220">
    <p class='ocr_par' dir='ltr' id='par_1_1' title="bbox 338 151 2107 220">
     <span class='ocr_line' id='line_1_1' title="bbox 338 151 2107 220; baseline 0 -13"><span class='ocrx_word' id='word_1_1' title='bbox 338 156 471 220; x_wconf 82' lang='lat'><strong>408</strong></span> <span class='ocrx_word' id='word_1_2' title='bbox 625 155 705 208; x_wconf 82' lang='lat' dir='ltr'><strong>IN</strong></span> <span class='ocrx_word' id='word_1_3' title='bbox 742 154 817 208; x_wconf 84' lang='lat' dir='ltr'><strong>M.</strong></span> <span class='ocrx_word' id='word_1_4' title='bbox 855 151 1250 208; x_wconf 78' lang='lat' dir='ltr'>ANTONIUM</span> <span class='ocrx_word' id='word_1_5' title='bbox 1289 151 1560 207; x_wconf 82' lang='lat' dir='ltr'><strong>ORATIO</strong></span> <span class='ocrx_word' id='word_1_6' title='bbox 1598 151 2000 207; x_wconf 86' lang='lat' dir='ltr'>PHILIPPICA</span> <span class='ocrx_word' id='word_1_7' title='bbox 2037 153 2107 207; x_wconf 90' lang='lat'><strong>11.</strong></span> 
     </span>
    </p>
   </div>
   <div class='ocr_carea' id='block_1_2' title="bbox 231 312 2535 3567">
    <p class='ocr_par' dir='ltr' id='par_1_2' title="bbox 231 312 2535 3567">
     <span class='ocr_line' id='line_1_2' title="bbox 341 312 2400 400; baseline -0.001 -19"><span class='ocrx_word' id='word_1_8' title='bbox 341 316 589 381; x_wconf 86' lang='lat' dir='ltr'><strong>reditus</strong></span> <span class='ocrx_word' id='word_1_9' title='bbox 636 319 1049 399; x_wconf 82' lang='lat' dir='ltr'><strong>exaequatos,</strong></span> <span class='ocrx_word' id='word_1_10' title='bbox 1095 337 1374 400; x_wconf 90' lang='lat' dir='ltr'><strong>quorum</strong></span> <span class='ocrx_word' id='word_1_11' title='bbox 1411 336 1676 379; x_wconf 90' lang='lat' dir='ltr'><strong>causam</strong></span> <span class='ocrx_word' id='word_1_12' title='bbox 1714 312 1954 379; x_wconf 88' lang='lat' dir='ltr'><strong>Caesar</strong></span> <span class='ocrx_word' id='word_1_13' title='bbox 1991 314 2400 379; x_wconf 85' lang='lat' dir='ltr'><strong>dissimilem</strong></span> 
     </span>
     <span class='ocr_line' id='line_1_3' title="bbox 343 402 2398 488; baseline 0 -20"><span class='ocrx_word' id='word_1_14' title='bbox 343 404 675 488; x_wconf 82' lang='lat' dir='ltr'><strong>iudicarit3</strong></span> <span class='ocrx_word' id='word_1_15' title='bbox 713 404 939 468; x_wconf 89' lang='lat' dir='ltr'><strong>deinde</strong></span> <span class='ocrx_word' id='word_1_16' title='bbox 974 404 1216 488; x_wconf 89' lang='lat' dir='ltr'><strong>nescio,</strong></span> <span class='ocrx_word' id='word_1_17' title='bbox 1252 425 1367 468; x_wconf 90' lang='lat' dir='ltr'><strong>cur</strong></span> <span class='ocrx_word' id='word_1_18' title='bbox 1402 424 1536 468; x_wconf 94' lang='lat' dir='ltr'><strong>non</strong></span> <span class='ocrx_word' id='word_1_19' title='bbox 1571 402 1846 486; x_wconf 88' lang='lat' dir='ltr'><strong>reliquis</strong></span> <span class='ocrx_word' id='word_1_20' title='bbox 1883 402 2056 466; x_wconf 90' lang='lat' dir='ltr'><strong>idem</strong></span> <span class='ocrx_word' id='word_1_21' title='bbox 2092 403 2398 484; x_wconf 85' lang='lat' dir='ltr'><strong>tribuas;</strong></span> 
     </span>
     <span class='ocr_line' id='line_1_4' title="bbox 340 490 2394 575; baseline -0 -19"><span class='ocrx_word' id='word_1_22' title='bbox 340 513 550 575; x_wconf 86' lang='lat' dir='ltr'><strong>neque</strong></span> <span class='ocrx_word' id='word_1_23' title='bbox 596 491 771 556; x_wconf 89' lang='lat' dir='ltr'><strong>enim</strong></span> <span class='ocrx_word' id='word_1_24' title='bbox 818 493 965 575; x_wconf 88' lang='lat' dir='ltr'><strong>plus</strong></span> <span class='ocrx_word' id='word_1_25' title='bbox 1014 513 1210 575; x_wconf 88' lang='lat' dir='ltr'><strong>quam</strong></span> <span class='ocrx_word' id='word_1_26' title='bbox 1251 495 1388 555; x_wconf 84' lang='lat' dir='ltr'><strong>tres</strong></span> <span class='ocrx_word' id='word_1_27' title='bbox 1427 494 1540 555; x_wconf 88' lang='lat' dir='ltr'><strong>aut</strong></span> <span class='ocrx_word' id='word_1_28' title='bbox 1577 495 1892 574; x_wconf 89' lang='lat' dir='ltr'><strong>quattuor</strong></span> <span class='ocrx_word' id='word_1_29' title='bbox 1928 490 2165 574; x_wconf 84' lang='lat' dir='ltr'><strong>reliqui</strong></span> <span class='ocrx_word' id='word_1_30' title='bbox 2205 497 2394 556; x_wconf 86' lang='lat' dir='ltr'><strong>sunt.</strong></span> 
     </span>
     <span class='ocr_line' id='line_1_5' title="bbox 343 579 2394 664; baseline 0 -20"><span class='ocrx_word' id='word_1_31' title='bbox 343 579 471 656; x_wconf 85' lang='lat' dir='ltr'><strong>Qui</strong></span> <span class='ocrx_word' id='word_1_32' title='bbox 532 579 734 644; x_wconf 88' lang='lat' dir='ltr'><strong>simili</strong></span> <span class='ocrx_word' id='word_1_33' title='bbox 788 580 858 642; x_wconf 90' lang='lat' dir='ltr'><strong>in</strong></span> <span class='ocrx_word' id='word_1_34' title='bbox 914 580 1288 645; x_wconf 76' lang='lat' dir='ltr'><strong>calamitate</strong></span> <span class='ocrx_word' id='word_1_35' title='bbox 1344 583 1523 664; x_wconf 90' lang='lat' dir='ltr'><strong>sunt,</strong></span> <span class='ocrx_word' id='word_1_36' title='bbox 1587 599 1703 644; x_wconf 89' lang='lat' dir='ltr'><strong>cur</strong></span> <span class='ocrx_word' id='word_1_37' title='bbox 1759 583 1875 643; x_wconf 93' lang='lat' dir='ltr'><strong>tua</strong></span> <span class='ocrx_word' id='word_1_38' title='bbox 1927 579 2394 644; x_wconf 79' lang='lat' dir='ltr'><strong>misericordia</strong></span> 
     </span>
     <span class='ocr_line' id='line_1_6' title="bbox 338 666 2475 752; baseline 0 -20"><span class='ocrx_word' id='word_1_39' title='bbox 338 689 474 732; x_wconf 92' lang='lat' dir='ltr'><strong>non</strong></span> <span class='ocrx_word' id='word_1_40' title='bbox 537 667 739 732; x_wconf 90' lang='lat' dir='ltr'><strong>simili</strong></span> <span class='ocrx_word' id='word_1_41' title='bbox 792 666 1122 752; x_wconf 83' lang='lat' dir='ltr'><strong>fruuntur,</strong></span> <span class='ocrx_word' id='word_1_42' title='bbox 1186 690 1302 733; x_wconf 92' lang='lat' dir='ltr'><strong>cur</strong></span> <span class='ocrx_word' id='word_1_43' title='bbox 1355 689 1466 732; x_wconf 92' lang='lat' dir='ltr'><strong>eos</strong></span> <span class='ocrx_word' id='word_1_44' title='bbox 1521 668 1724 731; x_wconf 89' lang='lat' dir='ltr'><strong>habes</strong></span> <span class='ocrx_word' id='word_1_45' title='bbox 1778 667 1849 732; x_wconf 92' lang='lat' dir='ltr'><strong>in</strong></span> <span class='ocrx_word' id='word_1_46' title='bbox 1901 667 2047 732; x_wconf 90' lang='lat' dir='ltr'><strong>loco</strong></span> <span class='ocrx_word' id='word_1_47' title='bbox 2101 667 2385 751; x_wconf 87' lang='lat' dir='ltr'><strong>patrui?</strong></span> <span class='ocrx_word' id='word_1_48' title='bbox 2447 684 2475 722; x_wconf 77' lang='lat'>⁵</span> 
     </span>
     <span class='ocr_line' id='line_1_7' title="bbox 342 755 2389 840; baseline 0 -21"><span class='ocrx_word' id='word_1_49' title='bbox 342 756 419 820; x_wconf 88' lang='lat' dir='ltr'><strong>de</strong></span> <span class='ocrx_word' id='word_1_50' title='bbox 477 778 605 840; x_wconf 94' lang='lat' dir='ltr'><strong>quo</strong></span> <span class='ocrx_word' id='word_1_51' title='bbox 662 755 860 840; x_wconf 89' lang='lat' dir='ltr'><strong>ferre,</strong></span> <span class='ocrx_word' id='word_1_52' title='bbox 914 779 1062 821; x_wconf 90' lang='lat' dir='ltr'><strong>cum</strong></span> <span class='ocrx_word' id='word_1_53' title='bbox 1109 757 1185 820; x_wconf 91' lang='lat' dir='ltr'><strong>de</strong></span> <span class='ocrx_word' id='word_1_54' title='bbox 1233 756 1502 839; x_wconf 88' lang='lat' dir='ltr'><strong>reliquis</strong></span> <span class='ocrx_word' id='word_1_55' title='bbox 1547 755 1778 839; x_wconf 76' lang='lat' dir='ltr'><strong>ferreS,</strong></span> <span class='ocrx_word' id='word_1_56' title='bbox 1830 755 2133 840; x_wconf 84' lang='lat' dir='ltr'><strong>noluisti3</strong></span> <span class='ocrx_word' id='word_1_57' title='bbox 2179 778 2389 839; x_wconf 90' lang='lat' dir='ltr'><strong>quem</strong></span> 
     </span>
     <span class='ocr_line' id='line_1_8' title="bbox 341 843 2389 929; baseline -0 -21"><span class='ocrx_word' id='word_1_58' title='bbox 341 845 542 908; x_wconf 91' lang='lat' dir='ltr'><strong>etiam</strong></span> <span class='ocrx_word' id='word_1_59' title='bbox 598 844 679 908; x_wconf 88' lang='lat' dir='ltr'><strong>ad</strong></span> <span class='ocrx_word' id='word_1_60' title='bbox 734 866 1072 910; x_wconf 83' lang='lat' dir='ltr'><strong>censuram</strong></span> <span class='ocrx_word' id='word_1_61' title='bbox 1126 845 1475 929; x_wconf 89' lang='lat' dir='ltr'><strong>petendam</strong></span> <span class='ocrx_word' id='word_1_62' title='bbox 1524 843 1846 926; x_wconf 90' lang='lat' dir='ltr'><strong>impulisti</strong></span> <span class='ocrx_word' id='word_1_63' title='bbox 1895 865 2165 927; x_wconf 88' lang='lat' dir='ltr'><strong>eamque</strong></span> <span class='ocrx_word' id='word_1_64' title='bbox 2214 845 2389 927; x_wconf 91' lang='lat' dir='ltr'><strong>peti-</strong></span> 
     </span>
     <span class='ocr_line' id='line_1_9' title="bbox 342 931 2386 1017; baseline -0 -21"><span class='ocrx_word' id='word_1_65' title='bbox 342 932 590 997; x_wconf 90' lang='lat' dir='ltr'><strong>tionem</strong></span> <span class='ocrx_word' id='word_1_66' title='bbox 629 935 1042 1017; x_wconf 77' lang='lat' dir='ltr'><strong>comparasti,</strong></span> <span class='ocrx_word' id='word_1_67' title='bbox 1080 954 1244 1016; x_wconf 90' lang='lat' dir='ltr'><strong>quae</strong></span> <span class='ocrx_word' id='word_1_68' title='bbox 1284 937 1351 996; x_wconf 91' lang='lat' dir='ltr'><strong>et</strong></span> <span class='ocrx_word' id='word_1_69' title='bbox 1386 933 1556 996; x_wconf 91' lang='lat' dir='ltr'><strong>risus</strong></span> <span class='ocrx_word' id='word_1_70' title='bbox 1584 931 1925 997; x_wconf 90' lang='lat' dir='ltr'><strong>hominum</strong></span> <span class='ocrx_word' id='word_1_71' title='bbox 1953 936 2020 996; x_wconf 88' lang='lat' dir='ltr'><strong>et</strong></span> <span class='ocrx_word' id='word_1_72' title='bbox 2049 932 2386 1014; x_wconf 84' lang='lat' dir='ltr'><strong>querellas</strong></span> 
     </span>
     <span class='ocr_line' id='line_1_10' title="bbox 255 1019 2386 1086; baseline 0.002 -6"><span class='ocrx_word' id='word_1_73' title='bbox 255 1032 321 1080; x_wconf 81' lang='grc'><strong>99</strong></span> <span class='ocrx_word' id='word_1_74' title='bbox 343 1024 651 1085; x_wconf 85' lang='lat' dir='ltr'><strong>moveret.</strong></span> <span class='ocrx_word' id='word_1_75' title='bbox 766 1019 899 1086; x_wconf 86' lang='lat' dir='ltr'><strong>Cur</strong></span> <span class='ocrx_word' id='word_1_76' title='bbox 963 1025 1182 1086; x_wconf 89' lang='lat' dir='ltr'><strong>autem</strong></span> <span class='ocrx_word' id='word_1_77' title='bbox 1248 1042 1325 1084; x_wconf 85' lang='lat' dir='ltr'><strong>ea</strong></span> <span class='ocrx_word' id='word_1_78' title='bbox 1388 1020 1656 1084; x_wconf 91' lang='lat' dir='ltr'><strong>comitia</strong></span> <span class='ocrx_word' id='word_1_79' title='bbox 1708 1042 1841 1084; x_wconf 90' lang='lat' dir='ltr'><strong>non</strong></span> <span class='ocrx_word' id='word_1_80' title='bbox 1893 1019 2234 1084; x_wconf 75' lang='lat' dir='ltr'><strong>habuisti?</strong></span> <span class='ocrx_word' id='word_1_81' title='bbox 2292 1042 2386 1084; x_wconf 89' lang='lat' dir='ltr'><strong>an</strong></span> 
     </span>
     <span class='ocr_line' id='line_1_11' title="bbox 342 1106 2470 1192; baseline 0 -20"><span class='ocrx_word' id='word_1_82' title='bbox 342 1109 496 1192; x_wconf 90' lang='lat' dir='ltr'><strong>quia</strong></span> <span class='ocrx_word' id='word_1_83' title='bbox 549 1109 853 1174; x_wconf 89' lang='lat' dir='ltr'><strong>tribunus</strong></span> <span class='ocrx_word' id='word_1_84' title='bbox 907 1109 995 1192; x_wconf 90' lang='lat' dir='ltr'><strong>pl.</strong></span> <span class='ocrx_word' id='word_1_85' title='bbox 1043 1110 1381 1174; x_wconf 88' lang='lat' dir='ltr'><strong>sinistrum</strong></span> <span class='ocrx_word' id='word_1_86' title='bbox 1426 1107 1676 1172; x_wconf 81' lang='lat' dir='ltr'><strong>fulmen</strong></span> <span class='ocrx_word' id='word_1_87' title='bbox 1719 1107 2113 1172; x_wconf 80' lang='lat' dir='ltr'><strong>nuntiabat?</strong></span> <span class='ocrx_word' id='word_1_88' title='bbox 2207 1106 2381 1173; x_wconf 87' lang='lat' dir='ltr'><strong>Cum</strong></span> <span class='ocrx_word' id='word_1_89' title='bbox 2413 1126 2470 1165; x_wconf 88' lang='lat'><strong>10</strong></span> 
     </span>
     <span class='ocr_line' id='line_1_12' title="bbox 341 1196 2382 1281; baseline 0 -20"><span class='ocrx_word' id='word_1_90' title='bbox 341 1204 457 1261; x_wconf 90' lang='lat' dir='ltr'><strong>tua</strong></span> <span class='ocrx_word' id='word_1_91' title='bbox 512 1198 668 1281; x_wconf 88' lang='lat' dir='ltr'><strong>quid</strong></span> <span class='ocrx_word' id='word_1_92' title='bbox 725 1198 1027 1281; x_wconf 88' lang='lat' dir='ltr'><strong>interest,</strong></span> <span class='ocrx_word' id='word_1_93' title='bbox 1079 1196 1261 1262; x_wconf 90' lang='lat' dir='ltr'><strong>nulla</strong></span> <span class='ocrx_word' id='word_1_94' title='bbox 1316 1196 1606 1281; x_wconf 90' lang='lat' dir='ltr'><strong>auspicia</strong></span> <span class='ocrx_word' id='word_1_95' title='bbox 1660 1199 1841 1280; x_wconf 89' lang='lat' dir='ltr'><strong>sunt,</strong></span> <span class='ocrx_word' id='word_1_96' title='bbox 1894 1217 2043 1261; x_wconf 91' lang='lat' dir='ltr'><strong>cum</strong></span> <span class='ocrx_word' id='word_1_97' title='bbox 2088 1199 2382 1280; x_wconf 91' lang='lat' dir='ltr'><strong>tuorum,</strong></span> 
     </span>
     <span class='ocr_line' id='line_1_13' title="bbox 342 1284 2380 1370; baseline -0 -21"><span class='ocrx_word' id='word_1_98' title='bbox 342 1291 482 1349; x_wconf 92' lang='lat' dir='ltr'><strong>tum</strong></span> <span class='ocrx_word' id='word_1_99' title='bbox 547 1286 626 1350; x_wconf 91' lang='lat' dir='ltr'><strong>fis</strong></span> <span class='ocrx_word' id='word_1_100' title='bbox 693 1286 1056 1370; x_wconf 84' lang='lat' dir='ltr'><strong>religiosus.</strong></span> <span class='ocrx_word' id='word_1_101' title='bbox 1166 1284 1381 1361; x_wconf 76' lang='lat' dir='ltr'><strong>Quid?</strong></span> <span class='ocrx_word' id='word_1_102' title='bbox 1445 1284 1720 1349; x_wconf 89' lang='lat' dir='ltr'><strong>eundem</strong></span> <span class='ocrx_word' id='word_1_103' title='bbox 1773 1284 1845 1348; x_wconf 90' lang='lat' dir='ltr'><strong>in</strong></span> <span class='ocrx_word' id='word_1_104' title='bbox 1899 1284 2380 1367; x_wconf 85' lang='lat' dir='ltr'><strong>septemviratu</strong></span> 
     </span>
     <span class='ocr_line' id='line_1_14' title="bbox 339 1372 2378 1456; baseline -0 -18"><span class='ocrx_word' id='word_1_105' title='bbox 339 1395 553 1439; x_wconf 91' lang='lat' dir='ltr'><strong>nonne</strong></span> <span class='ocrx_word' id='word_1_106' title='bbox 595 1373 1002 1438; x_wconf 77' lang='lat' dir='ltr'><strong>destituisti?</strong></span> <span class='ocrx_word' id='word_1_107' title='bbox 1040 1373 1393 1437; x_wconf 84' lang='lat' dir='ltr'><strong>intervenit</strong></span> <span class='ocrx_word' id='word_1_108' title='bbox 1429 1373 1619 1456; x_wconf 90' lang='lat' dir='ltr'><strong>enim,</strong></span> <span class='ocrx_word' id='word_1_109' title='bbox 1666 1372 1772 1437; x_wconf 87' lang='lat' dir='ltr'><strong>cui</strong></span> <span class='ocrx_word' id='word_1_110' title='bbox 1807 1373 2125 1456; x_wconf 82' lang='lat' dir='ltr'><strong>metuisti,</strong></span> <span class='ocrx_word' id='word_1_111' title='bbox 2161 1372 2378 1454; x_wconf 83' lang='lat' dir='ltr'><strong>crede,</strong></span> 
     </span>
     <span class='ocr_line' id='line_1_15' title="bbox 339 1459 2378 1546; baseline -0.001 -20"><span class='ocrx_word' id='word_1_112' title='bbox 339 1482 420 1526; x_wconf 88' lang='lat' dir='ltr'><strong>ne</strong></span> <span class='ocrx_word' id='word_1_113' title='bbox 486 1463 667 1526; x_wconf 85' lang='lat' dir='ltr'><strong>salvo</strong></span> <span class='ocrx_word' id='word_1_114' title='bbox 733 1462 946 1545; x_wconf 91' lang='lat' dir='ltr'><strong>capite</strong></span> <span class='ocrx_word' id='word_1_115' title='bbox 1009 1481 1248 1546; x_wconf 89' lang='lat' dir='ltr'><strong>negare</strong></span> <span class='ocrx_word' id='word_1_116' title='bbox 1313 1482 1447 1526; x_wconf 89' lang='lat' dir='ltr'><strong>non</strong></span> <span class='ocrx_word' id='word_1_117' title='bbox 1500 1482 1745 1543; x_wconf 86' lang='lat' dir='ltr'><strong>posses.</strong></span> <span class='ocrx_word' id='word_1_118' title='bbox 1845 1459 2168 1525; x_wconf 87' lang='lat' dir='ltr'><strong>Omnibus</strong></span> <span class='ocrx_word' id='word_1_119' title='bbox 2224 1482 2378 1525; x_wconf 89' lang='lat' dir='ltr'><strong>eum</strong></span> 
     </span>
     <span class='ocr_line' id='line_1_16' title="bbox 338 1547 2456 1633; baseline -0 -19"><span class='ocrx_word' id='word_1_120' title='bbox 338 1549 753 1614; x_wconf 85' lang='lat' dir='ltr'><strong>contumeliis</strong></span> <span class='ocrx_word' id='word_1_121' title='bbox 810 1549 1131 1632; x_wconf 87' lang='lat' dir='ltr'><strong>onerasti,</strong></span> <span class='ocrx_word' id='word_1_122' title='bbox 1185 1571 1380 1633; x_wconf 88' lang='lat' dir='ltr'><strong>quem</strong></span> <span class='ocrx_word' id='word_1_123' title='bbox 1428 1549 1637 1633; x_wconf 88' lang='lat' dir='ltr'><strong>patris</strong></span> <span class='ocrx_word' id='word_1_124' title='bbox 1683 1549 1858 1631; x_wconf 92' lang='lat' dir='ltr'><strong>loco,</strong></span> <span class='ocrx_word' id='word_1_125' title='bbox 1903 1547 1960 1613; x_wconf 90' lang='lat' dir='ltr'><strong>si</strong></span> <span class='ocrx_word' id='word_1_126' title='bbox 2006 1549 2143 1612; x_wconf 91' lang='lat' dir='ltr'><strong>ulla</strong></span> <span class='ocrx_word' id='word_1_127' title='bbox 2187 1549 2258 1613; x_wconf 91' lang='lat' dir='ltr'><strong>in</strong></span> <span class='ocrx_word' id='word_1_128' title='bbox 2303 1553 2372 1612; x_wconf 86' lang='lat' dir='ltr'><strong>te</strong></span> <span class='ocrx_word' id='word_1_129' title='bbox 2399 1576 2456 1614; x_wconf 69' lang='grc' dir='ltr'><strong>ω</strong></span> 
     </span>
     <span class='ocr_line' id='line_1_17' title="bbox 338 1635 2374 1721; baseline 0 -21"><span class='ocrx_word' id='word_1_130' title='bbox 338 1636 551 1721; x_wconf 88' lang='lat' dir='ltr'><strong>pietas</strong></span> <span class='ocrx_word' id='word_1_131' title='bbox 618 1641 817 1720; x_wconf 88' lang='lat' dir='ltr'><strong>esset,</strong></span> <span class='ocrx_word' id='word_1_132' title='bbox 892 1637 1104 1701; x_wconf 90' lang='lat' dir='ltr'><strong>colere</strong></span> <span class='ocrx_word' id='word_1_133' title='bbox 1164 1637 1462 1702; x_wconf 87' lang='lat' dir='ltr'><strong>debebas.</strong></span> <span class='ocrx_word' id='word_1_134' title='bbox 1571 1635 1809 1700; x_wconf 89' lang='lat' dir='ltr'><strong>Filiam</strong></span> <span class='ocrx_word' id='word_1_135' title='bbox 1873 1636 2014 1700; x_wconf 91' lang='lat' dir='ltr'><strong>eius</strong></span> <span class='ocrx_word' id='word_1_136' title='bbox 2079 1658 2374 1702; x_wconf 88' lang='lat' dir='ltr'><strong>sororem</strong></span> 
     </span>
     <span class='ocr_line' id='line_1_18' title="bbox 340 1724 2370 1809; baseline 0 -21"><span class='ocrx_word' id='word_1_137' title='bbox 340 1730 523 1789; x_wconf 89' lang='lat' dir='ltr'><strong>tuam</strong></span> <span class='ocrx_word' id='word_1_138' title='bbox 561 1724 810 1790; x_wconf 88' lang='lat' dir='ltr'><strong>eiecisti</strong></span> <span class='ocrx_word' id='word_1_139' title='bbox 840 1725 969 1789; x_wconf 90' lang='lat' dir='ltr'><strong>alia</strong></span> <span class='ocrx_word' id='word_1_140' title='bbox 998 1725 1373 1791; x_wconf 90' lang='lat' dir='ltr'><strong>condicione</strong></span> <span class='ocrx_word' id='word_1_141' title='bbox 1403 1725 1704 1809; x_wconf 91' lang='lat' dir='ltr'><strong>quaesita</strong></span> <span class='ocrx_word' id='word_1_142' title='bbox 1730 1729 1799 1789; x_wconf 94' lang='lat' dir='ltr'><strong>et</strong></span> <span class='ocrx_word' id='word_1_143' title='bbox 1827 1729 1980 1789; x_wconf 86' lang='lat' dir='ltr'><strong>ante</strong></span> <span class='ocrx_word' id='word_1_144' title='bbox 2008 1729 2370 1808; x_wconf 84' lang='lat' dir='ltr'><strong>perspecta.</strong></span> 
     </span>
     <span class='ocr_line' id='line_1_19' title="bbox 340 1811 2370 1898; baseline 0 -22"><span class='ocrx_word' id='word_1_145' title='bbox 340 1811 493 1877; x_wconf 92' lang='lat' dir='ltr'><strong>Non</strong></span> <span class='ocrx_word' id='word_1_146' title='bbox 520 1817 621 1877; x_wconf 86' lang='lat' dir='ltr'><strong>est</strong></span> <span class='ocrx_word' id='word_1_147' title='bbox 650 1813 839 1897; x_wconf 86' lang='lat' dir='ltr'><strong>satis3</strong></span> <span class='ocrx_word' id='word_1_148' title='bbox 866 1813 1092 1898; x_wconf 87' lang='lat' dir='ltr'><strong>probri</strong></span> <span class='ocrx_word' id='word_1_149' title='bbox 1113 1812 1513 1878; x_wconf 90' lang='lat' dir='ltr'><strong>insimulasti</strong></span> <span class='ocrx_word' id='word_1_150' title='bbox 1532 1812 2022 1897; x_wconf 88' lang='lat' dir='ltr'><strong>pudicissimam</strong></span> <span class='ocrx_word' id='word_1_151' title='bbox 2039 1811 2370 1877; x_wconf 86' lang='lat' dir='ltr'><strong>feminam.</strong></span> 
     </span>
     <span class='ocr_line' id='line_1_20' title="bbox 341 1899 2367 1987; baseline -0 -21"><span class='ocrx_word' id='word_1_152' title='bbox 341 1899 512 1978; x_wconf 89' lang='lat' dir='ltr'><strong>Quid</strong></span> <span class='ocrx_word' id='word_1_153' title='bbox 559 1905 679 1987; x_wconf 90' lang='lat' dir='ltr'><strong>est,</strong></span> <span class='ocrx_word' id='word_1_154' title='bbox 726 1902 897 1985; x_wconf 90' lang='lat' dir='ltr'><strong>quod</strong></span> <span class='ocrx_word' id='word_1_155' title='bbox 945 1901 1095 1967; x_wconf 90' lang='lat' dir='ltr'><strong>addi</strong></span> <span class='ocrx_word' id='word_1_156' title='bbox 1130 1902 1389 1987; x_wconf 89' lang='lat' dir='ltr'><strong>possit?</strong></span> <span class='ocrx_word' id='word_1_157' title='bbox 1471 1900 1834 1968; x_wconf 86' lang='lat' dir='ltr'><strong>Contentus</strong></span> <span class='ocrx_word' id='word_1_158' title='bbox 1873 1923 1948 1967; x_wconf 94' lang='lat' dir='ltr'><strong>eo</strong></span> <span class='ocrx_word' id='word_1_159' title='bbox 1985 1922 2120 1967; x_wconf 90' lang='lat' dir='ltr'><strong>non</strong></span> <span class='ocrx_word' id='word_1_160' title='bbox 2156 1900 2367 1985; x_wconf 80' lang='lat' dir='ltr'><strong>fuisti3</strong></span> 
     </span>
     <span class='ocr_line' id='line_1_21' title="bbox 337 1988 2444 2074; baseline 0.001 -21"><span class='ocrx_word' id='word_1_161' title='bbox 337 1989 867 2074; x_wconf 88' lang='lat' dir='ltr'><strong>frequentissimo</strong></span> <span class='ocrx_word' id='word_1_162' title='bbox 899 1995 1129 2055; x_wconf 86' lang='lat' dir='ltr'><strong>senatu</strong></span> <span class='ocrx_word' id='word_1_163' title='bbox 1150 1990 1462 2055; x_wconf 89' lang='lat' dir='ltr'><strong>Kalendis</strong></span> <span class='ocrx_word' id='word_1_164' title='bbox 1491 1988 1810 2055; x_wconf 90' lang='lat' dir='ltr'><strong>Ianuariis</strong></span> <span class='ocrx_word' id='word_1_165' title='bbox 1839 1991 2102 2055; x_wconf 89' lang='lat' dir='ltr'><strong>sedente</strong></span> <span class='ocrx_word' id='word_1_166' title='bbox 2131 1994 2364 2074; x_wconf 88' lang='lat' dir='ltr'><strong>patruo</strong></span> <span class='ocrx_word' id='word_1_167' title='bbox 2393 2016 2444 2055; x_wconf 67' lang='grc' dir='ltr'><strong>ευ</strong></span> 
     </span>
     <span class='ocr_line' id='line_1_22' title="bbox 337 2077 2364 2144; baseline 0 -2"><span class='ocrx_word' id='word_1_168' title='bbox 337 2077 506 2144; x_wconf 89' lang='lat' dir='ltr'><strong>hanc</strong></span> <span class='ocrx_word' id='word_1_169' title='bbox 543 2080 668 2143; x_wconf 90' lang='lat' dir='ltr'><strong>tibi</strong></span> <span class='ocrx_word' id='word_1_170' title='bbox 705 2100 845 2143; x_wconf 89' lang='lat' dir='ltr'><strong>esse</strong></span> <span class='ocrx_word' id='word_1_171' title='bbox 884 2102 1031 2144; x_wconf 91' lang='lat' dir='ltr'><strong>cum</strong></span> <span class='ocrx_word' id='word_1_172' title='bbox 1068 2078 1415 2144; x_wconf 90' lang='lat' dir='ltr'><strong>Dolabella</strong></span> <span class='ocrx_word' id='word_1_173' title='bbox 1452 2100 1715 2144; x_wconf 88' lang='lat' dir='ltr'><strong>causam</strong></span> <span class='ocrx_word' id='word_1_174' title='bbox 1753 2078 1886 2143; x_wconf 89' lang='lat' dir='ltr'><strong>odii</strong></span> <span class='ocrx_word' id='word_1_175' title='bbox 1923 2078 2133 2142; x_wconf 89' lang='lat' dir='ltr'><strong>dicere</strong></span> <span class='ocrx_word' id='word_1_176' title='bbox 2171 2099 2364 2143; x_wconf 85' lang='lat' dir='ltr'><strong>ausus</strong></span> 
     </span>
     <span class='ocr_line' id='line_1_23' title="bbox 339 2166 2364 2250; baseline 0 -20"><span class='ocrx_word' id='word_1_177' title='bbox 339 2187 427 2247; x_wconf 73' lang='grc' dir='ltr'><strong>οε,</strong></span> <span class='ocrx_word' id='word_1_178' title='bbox 474 2167 646 2250; x_wconf 91' lang='lat' dir='ltr'><strong>quod</strong></span> <span class='ocrx_word' id='word_1_179' title='bbox 692 2168 775 2231; x_wconf 89' lang='lat' dir='ltr'><strong>ab</strong></span> <span class='ocrx_word' id='word_1_180' title='bbox 823 2188 898 2231; x_wconf 91' lang='lat' dir='ltr'><strong>eo</strong></span> <span class='ocrx_word' id='word_1_181' title='bbox 948 2169 1156 2232; x_wconf 87' lang='lat' dir='ltr'><strong>sorori</strong></span> <span class='ocrx_word' id='word_1_182' title='bbox 1204 2172 1270 2231; x_wconf 91' lang='lat' dir='ltr'><strong>et</strong></span> <span class='ocrx_word' id='word_1_183' title='bbox 1316 2167 1503 2231; x_wconf 85' lang='lat' dir='ltr'><strong>uxori</strong></span> <span class='ocrx_word' id='word_1_184' title='bbox 1541 2171 1693 2230; x_wconf 90' lang='lat' dir='ltr'><strong>tuae</strong></span> <span class='ocrx_word' id='word_1_185' title='bbox 1732 2170 2034 2250; x_wconf 88' lang='lat' dir='ltr'><strong>stuprum</strong></span> <span class='ocrx_word' id='word_1_186' title='bbox 2071 2166 2364 2230; x_wconf 90' lang='lat' dir='ltr'><strong>oblatum</strong></span> 
     </span>
     <span class='ocr_line' id='line_1_24' title="bbox 338 2254 2363 2338; baseline 0 -20"><span class='ocrx_word' id='word_1_187' title='bbox 338 2275 481 2318; x_wconf 87' lang='lat' dir='ltr'><strong>esse</strong></span> <span class='ocrx_word' id='word_1_188' title='bbox 536 2255 983 2338; x_wconf 78' lang='lat' dir='ltr'><strong>comperisses,</strong></span> <span class='ocrx_word' id='word_1_189' title='bbox 1076 2254 1236 2331; x_wconf 83' lang='lat' dir='ltr'><strong>Quis</strong></span> <span class='ocrx_word' id='word_1_190' title='bbox 1294 2254 1710 2337; x_wconf 90' lang='lat' dir='ltr'><strong>interpretari</strong></span> <span class='ocrx_word' id='word_1_191' title='bbox 1757 2260 2005 2338; x_wconf 88' lang='lat' dir='ltr'><strong>potest,</strong></span> <span class='ocrx_word' id='word_1_192' title='bbox 2061 2254 2363 2337; x_wconf 88' lang='lat' dir='ltr'><strong>inpuden-</strong></span> 
     </span>
     <span class='ocr_line' id='line_1_25' title="bbox 339 2340 2360 2427; baseline 0 -22"><span class='ocrx_word' id='word_1_193' title='bbox 339 2342 569 2425; x_wconf 90' lang='lat' dir='ltr'><strong>tiorne,</strong></span> <span class='ocrx_word' id='word_1_194' title='bbox 608 2343 719 2424; x_wconf 89' lang='lat' dir='ltr'><strong>qui</strong></span> <span class='ocrx_word' id='word_1_195' title='bbox 756 2344 826 2406; x_wconf 91' lang='lat' dir='ltr'><strong>in</strong></span> <span class='ocrx_word' id='word_1_196' title='bbox 862 2348 1111 2425; x_wconf 88' lang='lat' dir='ltr'><strong>senatu,</strong></span> <span class='ocrx_word' id='word_1_197' title='bbox 1150 2365 1233 2407; x_wconf 87' lang='lat' dir='ltr'><strong>an</strong></span> <span class='ocrx_word' id='word_1_198' title='bbox 1270 2342 1636 2427; x_wconf 87' lang='lat' dir='ltr'><strong>inprobior,</strong></span> <span class='ocrx_word' id='word_1_199' title='bbox 1681 2343 1792 2425; x_wconf 91' lang='lat' dir='ltr'><strong>qui</strong></span> <span class='ocrx_word' id='word_1_200' title='bbox 1828 2342 1900 2406; x_wconf 92' lang='lat' dir='ltr'><strong>in</strong></span> <span class='ocrx_word' id='word_1_201' title='bbox 1934 2340 2360 2417; x_wconf 88' lang='lat' dir='ltr'><strong>Dolabellam,</strong></span> 
     </span>
     <span class='ocr_line' id='line_1_26' title="bbox 340 2429 2535 2515; baseline 0.001 -22"><span class='ocrx_word' id='word_1_202' title='bbox 340 2450 423 2493; x_wconf 89' lang='lat' dir='ltr'><strong>an</strong></span> <span class='ocrx_word' id='word_1_203' title='bbox 468 2430 781 2513; x_wconf 88' lang='lat' dir='ltr'><strong>inpurior,</strong></span> <span class='ocrx_word' id='word_1_204' title='bbox 827 2431 939 2514; x_wconf 94' lang='lat' dir='ltr'><strong>qui</strong></span> <span class='ocrx_word' id='word_1_205' title='bbox 985 2435 1220 2515; x_wconf 88' lang='lat' dir='ltr'><strong>patruo</strong></span> <span class='ocrx_word' id='word_1_206' title='bbox 1268 2431 1588 2513; x_wconf 89' lang='lat' dir='ltr'><strong>audiente,</strong></span> <span class='ocrx_word' id='word_1_207' title='bbox 1635 2451 1720 2494; x_wconf 89' lang='lat' dir='ltr'><strong>an</strong></span> <span class='ocrx_word' id='word_1_208' title='bbox 1761 2429 2100 2512; x_wconf 86' lang='lat' dir='ltr'><strong>crudelior,</strong></span> <span class='ocrx_word' id='word_1_209' title='bbox 2147 2429 2262 2515; x_wconf 86' lang='lat' dir='ltr'><strong>qui</strong></span> <span class='ocrx_word' id='word_1_210' title='bbox 2295 2430 2360 2493; x_wconf 90' lang='lat' dir='ltr'><strong>in</strong></span> <span class='ocrx_word' id='word_1_211' title='bbox 2387 2454 2432 2495; x_wconf 66' lang='grc' dir='ltr'><strong>εει</strong></span> <span class='ocrx_word' id='word_1_212' title='bbox 2534 2476 2535 2487; x_wconf 50' lang='lat'>2</span> 
     </span>
     <span class='ocr_line' id='line_1_27' title="bbox 231 2502 2360 2603; baseline 0 -22"><span class='ocrx_word' id='word_1_213' title='bbox 231 2502 315 2567; x_wconf 88' lang='lat'><strong>39</strong></span> <span class='ocrx_word' id='word_1_214' title='bbox 337 2517 521 2581; x_wconf 92' lang='lat' dir='ltr'><strong>illam</strong></span> <span class='ocrx_word' id='word_1_215' title='bbox 577 2518 882 2582; x_wconf 90' lang='lat' dir='ltr'><strong>miseram</strong></span> <span class='ocrx_word' id='word_1_216' title='bbox 939 2523 1076 2582; x_wconf 84' lang='lat' dir='ltr'><strong>tam</strong></span> <span class='ocrx_word' id='word_1_217' title='bbox 1124 2540 1379 2603; x_wconf 90' lang='lat' dir='ltr'><strong>spurce,</strong></span> <span class='ocrx_word' id='word_1_218' title='bbox 1434 2522 1572 2581; x_wconf 91' lang='lat' dir='ltr'><strong>tam</strong></span> <span class='ocrx_word' id='word_1_219' title='bbox 1618 2518 1815 2602; x_wconf 90' lang='lat' dir='ltr'><strong>impie</strong></span> <span class='ocrx_word' id='word_1_220' title='bbox 1862 2517 2148 2581; x_wconf 77' lang='lat' dir='ltr'><strong>dixeris?</strong></span> <span class='ocrx_word' id='word_1_221' title='bbox 2239 2515 2360 2583; x_wconf 87' lang='lat' dir='ltr'><strong>Sed</strong></span> 
     </span>
     <span class='ocr_line' id='line_1_28' title="bbox 236 2592 2358 2691; baseline -0 -21"><span class='ocrx_word' id='word_1_222' title='bbox 236 2592 427 2670; x_wconf 89' lang='lat' dir='ltr'><strong>¹⁰⁰ad</strong></span> <span class='ocrx_word' id='word_1_223' title='bbox 492 2605 927 2691; x_wconf 86' lang='lat' dir='ltr'><strong>chirographa</strong></span> <span class='ocrx_word' id='word_1_224' title='bbox 984 2608 1340 2672; x_wconf 89' lang='lat' dir='ltr'><strong>redeamus.</strong></span> <span class='ocrx_word' id='word_1_225' title='bbox 1443 2605 1621 2683; x_wconf 89' lang='lat' dir='ltr'><strong>Quae</strong></span> <span class='ocrx_word' id='word_1_226' title='bbox 1675 2611 1792 2670; x_wconf 90' lang='lat' dir='ltr'><strong>tua</strong></span> <span class='ocrx_word' id='word_1_227' title='bbox 1844 2604 1974 2669; x_wconf 89' lang='lat' dir='ltr'><strong>fuit</strong></span> <span class='ocrx_word' id='word_1_228' title='bbox 2029 2604 2358 2691; x_wconf 80' lang='lat' dir='ltr'><strong>cognitio?</strong></span> 
     </span>
     <span class='ocr_line' id='line_1_29' title="bbox 336 2693 2355 2778; baseline 0 -20"><span class='ocrx_word' id='word_1_229' title='bbox 336 2694 509 2759; x_wconf 89' lang='lat' dir='ltr'><strong>Acta</strong></span> <span class='ocrx_word' id='word_1_230' title='bbox 553 2694 727 2760; x_wconf 90' lang='lat' dir='ltr'><strong>enim</strong></span> <span class='ocrx_word' id='word_1_231' title='bbox 775 2694 1072 2760; x_wconf 86' lang='lat' dir='ltr'><strong>Caesaris</strong></span> <span class='ocrx_word' id='word_1_232' title='bbox 1119 2693 1298 2778; x_wconf 90' lang='lat' dir='ltr'><strong>pacis</strong></span> <span class='ocrx_word' id='word_1_233' title='bbox 1347 2716 1542 2759; x_wconf 89' lang='lat' dir='ltr'><strong>causa</strong></span> <span class='ocrx_word' id='word_1_234' title='bbox 1582 2694 1968 2759; x_wconf 85' lang='lat' dir='ltr'><strong>confirmata</strong></span> <span class='ocrx_word' id='word_1_235' title='bbox 2005 2698 2158 2758; x_wconf 90' lang='lat' dir='ltr'><strong>sunt</strong></span> <span class='ocrx_word' id='word_1_236' title='bbox 2195 2715 2234 2758; x_wconf 89' lang='lat' dir='ltr'><strong>a</strong></span> <span class='ocrx_word' id='word_1_237' title='bbox 2269 2715 2355 2758; x_wconf 87' lang='lat' dir='ltr'><strong>se·</strong></span> 
     </span>
     <span class='ocr_line' id='line_1_30' title="bbox 336 2781 2354 2868; baseline -0 -22"><span class='ocrx_word' id='word_1_238' title='bbox 336 2787 526 2865; x_wconf 81' lang='lat' dir='ltr'><strong>natu3</strong></span> <span class='ocrx_word' id='word_1_239' title='bbox 569 2805 733 2866; x_wconf 87' lang='lat' dir='ltr'><strong>quae</strong></span> <span class='ocrx_word' id='word_1_240' title='bbox 773 2784 1033 2866; x_wconf 89' lang='lat' dir='ltr'><strong>quidem</strong></span> <span class='ocrx_word' id='word_1_241' title='bbox 1072 2781 1312 2849; x_wconf 89' lang='lat' dir='ltr'><strong>Caesar</strong></span> <span class='ocrx_word' id='word_1_242' title='bbox 1349 2782 1614 2868; x_wconf 84' lang='lat' dir='ltr'><strong>egisset,</strong></span> <span class='ocrx_word' id='word_1_243' title='bbox 1646 2803 1781 2847; x_wconf 91' lang='lat' dir='ltr'><strong>non</strong></span> <span class='ocrx_word' id='word_1_244' title='bbox 1818 2804 1910 2863; x_wconf 90' lang='lat' dir='ltr'><strong>ea,</strong></span> <span class='ocrx_word' id='word_1_245' title='bbox 1949 2803 2114 2866; x_wconf 88' lang='lat' dir='ltr'><strong>quae</strong></span> <span class='ocrx_word' id='word_1_246' title='bbox 2151 2782 2354 2867; x_wconf 84' lang='lat' dir='ltr'><strong>egisse</strong></span> 
     </span>
     <span class='ocr_line' id='line_1_31' title="bbox 337 2869 2427 2954; baseline -0 -18"><span class='ocrx_word' id='word_1_247' title='bbox 337 2869 683 2936; x_wconf 89' lang='lat' dir='ltr'><strong>Caesarem</strong></span> <span class='ocrx_word' id='word_1_248' title='bbox 723 2871 995 2936; x_wconf 89' lang='lat' dir='ltr'><strong>dixisset</strong></span> <span class='ocrx_word' id='word_1_249' title='bbox 1032 2871 1380 2936; x_wconf 89' lang='lat' dir='ltr'><strong>Antonius.</strong></span> <span class='ocrx_word' id='word_1_250' title='bbox 1453 2869 1639 2935; x_wconf 89' lang='lat' dir='ltr'><strong>Unde</strong></span> <span class='ocrx_word' id='word_1_251' title='bbox 1665 2870 1798 2934; x_wconf 87' lang='lat' dir='ltr'><strong>ista</strong></span> <span class='ocrx_word' id='word_1_252' title='bbox 1826 2873 2195 2953; x_wconf 90' lang='lat' dir='ltr'><strong>erumpunt,</strong></span> <span class='ocrx_word' id='word_1_253' title='bbox 2232 2892 2350 2954; x_wconf 90' lang='lat' dir='ltr'><strong>quo</strong></span> <span class='ocrx_word' id='word_1_254' title='bbox 2377 2895 2427 2935; x_wconf 77' lang='lat'><strong>³0</strong></span> 
     </span>
     <span class='ocr_line' id='line_1_32' title="bbox 336 2958 2350 3043; baseline -0 -21"><span class='ocrx_word' id='word_1_255' title='bbox 336 2964 600 3024; x_wconf 89' lang='lat' dir='ltr'><strong>auctore</strong></span> <span class='ocrx_word' id='word_1_256' title='bbox 656 2959 1122 3043; x_wconf 84' lang='lat' dir='ltr'><strong>proferuntur?</strong></span> <span class='ocrx_word' id='word_1_257' title='bbox 1214 2958 1286 3023; x_wconf 86' lang='lat' dir='ltr'><strong>Si</strong></span> <span class='ocrx_word' id='word_1_258' title='bbox 1343 2962 1496 3023; x_wconf 87' lang='lat' dir='ltr'><strong>sunt</strong></span> <span class='ocrx_word' id='word_1_259' title='bbox 1548 2958 1744 3042; x_wconf 87' lang='lat' dir='ltr'><strong>falsa,</strong></span> <span class='ocrx_word' id='word_1_260' title='bbox 1797 2979 1910 3023; x_wconf 87' lang='lat' dir='ltr'><strong>cur</strong></span> <span class='ocrx_word' id='word_1_261' title='bbox 1955 2958 2350 3042; x_wconf 78' lang='lat' dir='ltr'><strong>probantur?</strong></span> 
     </span>
     <span class='ocr_line' id='line_1_33' title="bbox 338 3044 2350 3130; baseline -0.001 -19"><span class='ocrx_word' id='word_1_262' title='bbox 338 3046 394 3111; x_wconf 88' lang='lat' dir='ltr'><strong>si</strong></span> <span class='ocrx_word' id='word_1_263' title='bbox 442 3069 621 3130; x_wconf 89' lang='lat' dir='ltr'><strong>vera,</strong></span> <span class='ocrx_word' id='word_1_264' title='bbox 676 3069 790 3113; x_wconf 91' lang='lat' dir='ltr'><strong>cur</strong></span> <span class='ocrx_word' id='word_1_265' title='bbox 835 3047 1159 3112; x_wconf 85' lang='lat' dir='ltr'><strong>veneunt?</strong></span> <span class='ocrx_word' id='word_1_266' title='bbox 1249 3046 1344 3111; x_wconf 89' lang='lat' dir='ltr'><strong>At</strong></span> <span class='ocrx_word' id='word_1_267' title='bbox 1391 3046 1484 3111; x_wconf 91' lang='lat' dir='ltr'><strong>sic</strong></span> <span class='ocrx_word' id='word_1_268' title='bbox 1528 3048 1882 3130; x_wconf 89' lang='lat' dir='ltr'><strong>placuerat,</strong></span> <span class='ocrx_word' id='word_1_269' title='bbox 1926 3051 2003 3109; x_wconf 90' lang='lat' dir='ltr'><strong>ut</strong></span> <span class='ocrx_word' id='word_1_270' title='bbox 2050 3044 2350 3111; x_wconf 87' lang='lat' dir='ltr'><strong>Kalendis</strong></span> 
     </span>
     <span class='ocr_line' id='line_1_34' title="bbox 336 3132 2349 3220; baseline -0 -23"><span class='ocrx_word' id='word_1_271' title='bbox 336 3132 542 3199; x_wconf 87' lang='lat' dir='ltr'><strong>Iuniis</strong></span> <span class='ocrx_word' id='word_1_272' title='bbox 609 3135 686 3199; x_wconf 90' lang='lat' dir='ltr'><strong>de</strong></span> <span class='ocrx_word' id='word_1_273' title='bbox 743 3134 1041 3201; x_wconf 85' lang='lat' dir='ltr'><strong>Caesaris</strong></span> <span class='ocrx_word' id='word_1_274' title='bbox 1105 3135 1269 3200; x_wconf 90' lang='lat' dir='ltr'><strong>actis</strong></span> <span class='ocrx_word' id='word_1_275' title='bbox 1328 3157 1476 3200; x_wconf 88' lang='lat' dir='ltr'><strong>cum</strong></span> <span class='ocrx_word' id='word_1_276' title='bbox 1532 3134 1805 3199; x_wconf 87' lang='lat' dir='ltr'><strong>consilio</strong></span> <span class='ocrx_word' id='word_1_277' title='bbox 1861 3135 2349 3220; x_wconf 86' lang='lat' dir='ltr'><strong>cognosceretis.</strong></span> 
     </span>
     <span class='ocr_line' id='line_1_35' title="bbox 338 3222 2346 3307; baseline -0 -21"><span class='ocrx_word' id='word_1_278' title='bbox 338 3222 523 3296; x_wconf 84' lang='lat' dir='ltr'><strong>Quod</strong></span> <span class='ocrx_word' id='word_1_279' title='bbox 574 3223 701 3287; x_wconf 86' lang='lat' dir='ltr'><strong>fuit</strong></span> <span class='ocrx_word' id='word_1_280' title='bbox 746 3223 1116 3306; x_wconf 90' lang='lat' dir='ltr'><strong>consilium,</strong></span> <span class='ocrx_word' id='word_1_281' title='bbox 1164 3246 1357 3307; x_wconf 90' lang='lat' dir='ltr'><strong>quem</strong></span> <span class='ocrx_word' id='word_1_282' title='bbox 1401 3244 1712 3305; x_wconf 90' lang='lat' dir='ltr'><strong>umquam</strong></span> <span class='ocrx_word' id='word_1_283' title='bbox 1758 3222 2154 3303; x_wconf 85' lang='lat' dir='ltr'><strong>convocasti,</strong></span> <span class='ocrx_word' id='word_1_284' title='bbox 2200 3243 2346 3306; x_wconf 86' lang='lat' dir='ltr'><strong>quas</strong></span> 
     </span>
     <span class='ocr_line' id='line_1_36' title="bbox 336 3309 2414 3395; baseline 0.001 -22"><span class='ocrx_word' id='word_1_285' title='bbox 336 3309 663 3374; x_wconf 89' lang='lat' dir='ltr'><strong>Kalendas</strong></span> <span class='ocrx_word' id='word_1_286' title='bbox 717 3309 941 3374; x_wconf 90' lang='lat' dir='ltr'><strong>Iunias</strong></span> <span class='ocrx_word' id='word_1_287' title='bbox 998 3311 1405 3393; x_wconf 84' lang='lat' dir='ltr'><strong>expectasti?</strong></span> <span class='ocrx_word' id='word_1_288' title='bbox 1461 3332 1543 3375; x_wconf 90' lang='lat' dir='ltr'><strong>an</strong></span> <span class='ocrx_word' id='word_1_289' title='bbox 1591 3332 1727 3395; x_wconf 91' lang='lat' dir='ltr'><strong>eas,</strong></span> <span class='ocrx_word' id='word_1_290' title='bbox 1781 3310 1862 3375; x_wconf 88' lang='lat' dir='ltr'><strong>ad</strong></span> <span class='ocrx_word' id='word_1_291' title='bbox 1909 3332 2072 3393; x_wconf 90' lang='lat' dir='ltr'><strong>quas</strong></span> <span class='ocrx_word' id='word_1_292' title='bbox 2120 3316 2186 3374; x_wconf 88' lang='lat' dir='ltr'><strong>te</strong></span> <span class='ocrx_word' id='word_1_293' title='bbox 2222 3332 2344 3394; x_wconf 88' lang='lat' dir='ltr'><strong>per·</strong></span> <span class='ocrx_word' id='word_1_294' title='bbox 2367 3335 2414 3375; x_wconf 74' lang='lat'><strong>³⁵</strong></span> 
     </span>
     <span class='ocr_line' id='line_1_37' title="bbox 338 3398 2344 3481; baseline 0 -22"><span class='ocrx_word' id='word_1_295' title='bbox 338 3399 587 3480; x_wconf 87' lang='lat' dir='ltr'><strong>agratis</strong></span> <span class='ocrx_word' id='word_1_296' title='bbox 615 3402 1070 3462; x_wconf 83' lang='lat' dir='ltr'><strong>veteranorum</strong></span> <span class='ocrx_word' id='word_1_297' title='bbox 1109 3398 1382 3462; x_wconf 88' lang='lat' dir='ltr'><strong>coloniis</strong></span> <span class='ocrx_word' id='word_1_298' title='bbox 1423 3398 1740 3481; x_wconf 86' lang='lat' dir='ltr'><strong>stipatum</strong></span> <span class='ocrx_word' id='word_1_299' title='bbox 1769 3398 1968 3463; x_wconf 89' lang='lat' dir='ltr'><strong>armis</strong></span> <span class='ocrx_word' id='word_1_300' title='bbox 1997 3398 2344 3462; x_wconf 83' lang='lat' dir='ltr'><strong>rettulisti?</strong></span> 
     </span>
     <span class='ocr_line' id='line_1_38' title="bbox 474 3483 2341 3567; baseline 0.001 -20"><span class='ocrx_word' id='word_1_301' title='bbox 474 3483 529 3547; x_wconf 93' lang='grc' dir='ltr'>Ο</span> <span class='ocrx_word' id='word_1_302' title='bbox 590 3486 992 3566; x_wconf 87' lang='lat' dir='ltr'><strong>praeclaram</strong></span> <span class='ocrx_word' id='word_1_303' title='bbox 1047 3485 1231 3548; x_wconf 90' lang='lat' dir='ltr'><strong>illam</strong></span> <span class='ocrx_word' id='word_1_304' title='bbox 1287 3488 1847 3567; x_wconf 88' lang='lat' dir='ltr'><strong>percursationem</strong></span> <span class='ocrx_word' id='word_1_305' title='bbox 1902 3492 2086 3550; x_wconf 87' lang='lat' dir='ltr'><strong>tuam</strong></span> <span class='ocrx_word' id='word_1_306' title='bbox 2141 3507 2341 3551; x_wconf 90' lang='lat' dir='ltr'><strong>mense</strong></span> 
     </span>
    </p>
   </div>
  </div>
 </body>
</html>
