2550 3875
411 109 545 174 248
975 104 1120 161 PRO
1157 104 1232 159 M.
1271 103 1557 160 SCAURO
1598 101 1888 159 ORATIO.

416 290 581 354 quos
637 267 843 332 etiam
888 265 1386 333 Cleombrotum
1431 265 1930 332 Ambraciotam
1984 266 2212 330 ferunt
2266 287 2347 330 se
2396 289 2469 330 ex

417 355 746 422 altissimo
785 355 1249 439 praecipitasse
1288 376 1496 438 mur0,
1529 377 1666 419 non
1704 376 1833 438 quo
1866 354 2256 419 acerbitatis
2292 376 2470 418 acce-

415 445 626 529 pisset
682 442 958 527 aliquid,
1014 443 1144 527 sed,
1201 446 1278 507 ut
1323 442 1511 508 video
1560 443 1881 527 scriptum
1926 442 2099 526 apud
2148 441 2467 524 GraecoS,

418 555 570 598 cum
635 532 876 597 summi
937 530 1317 615 philosophi
1369 530 1669 595 Platonis
1734 531 2025 617 graviter
2088 535 2157 595 et
2228 535 2467 595 ornate

417 621 741 704 scriptum
785 619 1031 683 librum
1076 619 1154 684 de
1200 623 1414 684 morte
1450 619 1742 703 legisset,
1786 620 1858 683 in
1894 641 2051 704 quo,
2084 623 2163 682 ut
2205 619 2465 703 opinor,
2502 645 2515 683 ε

421 707 728 774 Socrates
783 709 901 773 illo
956 708 1102 792 ipso
1157 708 1289 792 die,
1344 729 1473 791 quo
1521 711 1664 771 erat
1710 707 1772 772 ei
1815 707 2269 790 moriundum,
2329 730 2467 791 per-

421 797 633 862 multa
677 796 1001 880 disputat,
1052 795 1224 862 hanc
1278 817 1421 860 esse
1468 799 1780 880 mortem,
1834 818 2030 880 quam
2073 817 2203 860 nos
2252 796 2465 860 vitam

418 889 823 970 putaremus,
855 907 1005 949 cum
1034 905 1305 968 corpore
1336 883 1591 948 animus
1620 888 1959 967 tamquam
1987 905 2249 948 carcere
2282 905 2467 968 saep-

421 978 532 1039 tus
578 976 940 1057 teneretur,
985 972 1192 1037 vitam
1239 976 1463 1037 autem
1510 993 1651 1037 esse
1698 993 1860 1057 eam,
1906 994 2057 1037 cum
2099 972 2282 1036 idem
2336 972 2466 1036 ani-

420 1083 568 1128 mus
614 1061 847 1127 vinclis
896 1061 1188 1144 corporis
1233 1061 1552 1126 liberatus
1598 1060 1670 1124 in
1710 1083 1858 1124 eum
1894 1081 1965 1124 se
2002 1061 2246 1144 locum,
2292 1061 2465 1124 unde
2488 1087 2518 1124 ιο

355 1118 598 1256 ἓθεεοὴ
652 1153 867 1234 ortus,
923 1149 1309 1214 rettulisset.
1401 1147 1581 1214 Num
1635 1149 1843 1234 igitur
1896 1148 2029 1212 ista
2082 1151 2205 1211 tua
2256 1145 2467 1212 Sarda

421 1239 876 1324 Pythagoram
947 1241 1064 1302 aut
1127 1237 1473 1302 Platonem
1534 1240 1729 1301 norat
1792 1241 1908 1302 aut
1968 1237 2275 1320 legerat?
2361 1237 2467 1320 qui

419 1332 645 1393 tamen
679 1326 811 1412 ipsi
846 1329 1131 1391 mortem
1164 1325 1262 1389 ita
1298 1326 1584 1408 laudant,
1620 1329 1698 1389 ut
1732 1323 1959 1411 fugere
1995 1325 2207 1388 vitam
2238 1329 2467 1389 vetent

423 1420 623 1500 atque
669 1415 738 1478 id
785 1418 1018 1479 contra
1061 1413 1291 1479 foedus
1337 1414 1481 1478 fieri
1526 1413 1748 1477 dicant
1785 1414 2127 1497 legemque
2163 1417 2467 1477 naturae.

421 1504 646 1570 Aliam
692 1503 956 1588 quidem
1002 1523 1265 1567 causam
1306 1501 1539 1566 mortis
1576 1502 1985 1567 voluntariae
2020 1501 2285 1566 nullam
2321 1525 2519 1586 pro-1⁵

422 1591 598 1657 fecto
662 1591 910 1655 iustam
963 1590 1325 1674 reperietis.
1423 1590 1642 1674 Atque
1696 1589 1823 1655 hoc
1874 1589 1987 1655 ille
2042 1589 2247 1675 vidit3
2310 1613 2468 1654 nam

422 1680 581 1744 iecit
626 1679 911 1763 quodam
956 1678 1103 1744 loco
1150 1679 1291 1743 vita
1335 1678 1519 1742 illam
1566 1678 1906 1743 mulierem
1952 1678 2229 1762 spoliari
2269 1702 2469 1763 quam

370 1791 404 1834 a
423 1767 744 1853 pudicitia
780 1767 1108 1832 maluisse.
1174 1765 1303 1832 Sed
1339 1766 1583 1852 refugit
1620 1767 1849 1831 statim
1883 1788 2004 1832 nec
2032 1767 2109 1830 de
2137 1767 2470 1850 pudicitia
2544 1770 2550 1835 ἰ

422 1857 616 1943 plura
668 1856 836 1921 dixit
888 1856 1167 1941 veritus,
1223 1855 1415 1921 credo
1426 1906 1443 1939 ,
1496 1877 1579 1920 ne
1640 1877 1833 1940 quem
1885 1855 2213 1919 inridendi
2273 1857 2467 1921 nobis
2544 1850 2550 1911 ἶ

425 1948 613 2013 daret
657 1950 726 2011 et
769 1944 1028 2010 iocandi
1073 1945 1309 2010 locum.
1401 1943 1683 2010 Constat
1728 1945 1903 2010 enim
1945 1944 2132 2008 illam
2168 1966 2333 2009 cum
2373 1947 2468 2009 de-
2488 1959 2550 2058 ποι

422 2035 764 2101 formitate
812 2055 1069 2098 summa
1113 2033 1337 2117 fuisse,
1376 2036 1520 2098 tum
1567 2033 1769 2097 etiam
1806 2036 2159 2098 senectute.
2251 2033 2469 2109 Quare
2546 2063 2550 2080 ·

427 2145 591 2207 quae
636 2125 879 2205 potest,
899 2122 1218 2206 'quamvis
1257 2121 1435 2187 salsa
1470 2122 1601 2186 ista
1640 2120 1847 2186 Sarda
1879 2119 2095 2205 fuerit,
2141 2121 2291 2186 ulla
2327 2123 2471 2187 libi-
2547 2131 2550 2160 ²

426 2211 597 2275 dinis
645 2214 760 2274 aut
806 2210 1049 2274 amoris
1096 2231 1237 2277 esse
1285 2211 1616 2295 suspicio?

362 2282 406 2347 5
563 2297 663 2362 Ac
707 2319 791 2361 ne
839 2298 1192 2383 existimes,
1236 2297 1468 2384 Triari,
1517 2299 1689 2382 quod
1727 2298 2035 2382 adferam,
2078 2297 2153 2361 in
2188 2298 2470 2365 dicendo

377 2374 408 2420 ⁷
429 2408 533 2450 me
588 2386 838 2471 fingere
891 2387 1113 2470 ipsum
1167 2391 1236 2451 et
1288 2410 1423 2452 non
1478 2409 1517 2451 a
1569 2409 1682 2452 reo
1739 2408 2002 2453 causam
2047 2406 2473 2472 cognoscere,
2494 2411 2524 2451 25

427 2474 770 2558 explicabo
818 2475 972 2559 tibi,
1026 2497 1190 2560 quae
1236 2474 1485 2540 fuerint
1532 2475 1871 2559 opiniones
1916 2475 1988 2539 in
2034 2473 2353 2541 Sardinia
2401 2477 2475 2541 de

426 2562 620 2627 istius
669 2563 962 2628 mulieris
1011 2567 1223 2628 morte
1271 2564 1453 2647 (nam
1497 2562 1763 2627 fuerunt
1809 2562 2029 2650 duae),
2080 2584 2211 2647 quo
2264 2565 2475 2629 etiam

373 2670 406 2719 8
427 2650 687 2716 facilius
735 2649 871 2691 *Ἠ*
915 2648 1052 2691 ***
1097 2655 1164 2715 te
1206 2651 1359 2735 dixi,
1404 2650 1823 2716 libidinosam
1871 2655 2066 2735 atque
2112 2652 2476 2735 inprobam

427 2745 708 2805 matrem
758 2739 991 2804 infami
1045 2760 1122 2804 ac
1173 2743 1335 2805 noto
1392 2740 1713 2805 adulterio
1768 2740 1900 2803 iam
1956 2740 2067 2803 diu
2120 2740 2474 2825 diligebat.
2548 2802 2550 2809 ,

425 2826 494 2891 Is
562 2850 712 2893 cum
773 2828 945 2892 hanc
1001 2849 1188 2893 suam
1242 2849 1515 2892 uxorem
1571 2848 1768 2892 anum
1822 2832 1889 2892 et
1939 2827 2355 2910 locupletem
2413 2835 2475 2894 et
2496 2855 2529 2895 ³0

426 2916 776 2980 molestam
833 2917 1129 3000 timeret,
1182 2938 1393 3002 neque
1444 2938 1587 2981 eam
1633 2916 1874 2980 habere
1920 2916 1991 2979 in
2036 2916 2475 2982 matrimonio

425 3008 698 3088 propter
733 3003 1118 3069 foeditatem
1145 3026 1357 3088 neque
1386 3005 1717 3070 dimittere
1745 3007 2016 3088 propter
2043 3003 2274 3068 dotem
2306 3008 2477 3071 vole-
2548 3030 2550 3039 ²

425 3091 562 3155 bat.
651 3091 885 3175 Itaque
933 3097 1270 3175 compecto
1321 3115 1471 3158 cum
1516 3098 1728 3159 matre
1769 3091 2067 3157 Bostaris
2116 3094 2477 3159 consilium
2548 3098 2550 3167 i

426 3178 620 3262 cepit,
655 3183 733 3242 ut
769 3182 1044 3264 uterque
1072 3180 1355 3245 Romam
1393 3183 1673 3265 veniret3
1708 3181 1805 3245 ibi
1840 3203 1909 3245 se
1948 3180 2246 3264 aliquam
2274 3183 2475 3249 ratio·
2548 3176 2550 3197 '

424 3285 579 3327 nem
615 3264 1054 3350 inventurum,
1097 3289 1288 3351 quem
1329 3270 1410 3332 ad
1447 3270 1715 3333 modum
1750 3269 1935 3333 illam
1968 3290 2248 3334 uxorem
2288 3272 2474 3338 duce·
2495 3294 2528 3337 ³5

425 3354 549 3432 ret,
594 3351 1024 3416 confirmavit.

561 3435 692 3499 Hic
730 3438 950 3521 opinio
988 3439 1134 3522 fuit,
1181 3444 1257 3502 ut
1294 3440 1445 3523 dixi,
1482 3441 1736 3528 duplex,
1772 3466 1905 3507 una
1937 3466 2072 3510 non
2108 3444 2475 3515 abhorrens

365 3419 407 3551 ΨΦ
