2550 3875
628 922 725 995 M.
782 922 1069 995 TULLI
1124 922 1630 998 CICERONIS

442 1102 669 1188 PRO
732 1104 822 1187 P.
890 1101 1293 1191 SESTIO
1358 1104 1816 1190 ORATIO.

328 1413 903 1475 ARGUMENTUM
950 1415 1299 1477 VETERIS
1345 1416 1932 1477 ENARRATORIS.

253 1547 315 1602 P.
346 1546 563 1601 Sestius
592 1546 964 1602 amicissimus
1001 1546 1589 1617 familiarissimasque
1619 1548 1902 1605 Ciceronis
1939 1548 2052 1604 fuit
2085 1551 2148 1605 in

107 1617 355 1687 collegio
404 1617 761 1672 tribunorum
796 1616 874 1687 pl.
888 1661 902 1687 ,
948 1618 1048 1697 qui
1092 1617 1322 1673 fuerunt
1363 1618 1425 1673 P.
1471 1619 1708 1675 Lentulo
1747 1620 2044 1691 Spinthere
2081 1620 2143 1688 Q.

107 1688 346 1743 Metello
382 1687 607 1757 Nepote
644 1703 785 1742 coss.
825 1688 998 1759 [anno
1033 1705 1089 1758 p.
1126 1706 1183 1745 u.
1221 1706 1268 1745 c.
1307 1688 1453 1761 697}
1530 1688 1830 1745 obstinate
1865 1690 2044 1761 igitur
2087 1694 2148 1746 et

106 1761 159 1814 is
186 1774 310 1814 sese
338 1758 639 1813 dediderat
666 1760 726 1813 in
753 1774 1087 1813 consensum
1112 1758 1294 1829 partis
1324 1760 1461 1827 eius,
1490 1761 1589 1828 qui
1616 1760 1956 1831 dignitatem
1987 1778 2147 1817 suam

106 1831 187 1885 M.
216 1828 407 1884 Tullio
434 1828 731 1884 restituere
759 1830 1099 1899 gestiebant.
1156 1829 1268 1884 Sed
1295 1831 1447 1885 enim
1472 1828 1532 1885 P.
1565 1828 1764 1886 Clodio
1791 1835 2144 1903 repugnante

106 1902 171 1955 et
214 1900 599 1970 conspiratam
643 1899 913 1954 seditiose
956 1899 1382 1956 multitudinem
1425 1904 1831 1972 congregante,
1886 1920 1960 1959 ne
2017 1904 2145 1974 quis

104 1973 207 2026 isti
229 1972 305 2026 ad
330 1971 709 2026 revocandum
732 1969 1059 2026 Ciceronem
1085 1971 1315 2026 daretur
1343 1971 1591 2041 effectus,
1621 1973 1696 2026 ad
1723 1973 2146 2029 dimicationem

104 2057 661 2168 Εἳὲἓῖὲιῗέἒέἔω
669 2041 1014 2167 stessi}
1043 2041 1746 2182 3⁰³{ssssiuffrssiiffim‘3p32
1776 2044 2146 2170 Ρέιῖἓιέξᾶἓᾱ

104 2182 2145 2335 caussasse&..qzzssmssgsussfflssffrcss’.23312223‘53523:
2197 2295 2204 2300 .

102 2341 209 2394 pro
249 2323 438 2378 Tulho
476 2325 832 2392 instituerat,
880 2323 1178 2378 obtmeret.
1250 2323 1562 2392 Postquam
1596 2325 1789 2378 tamen
1826 2324 2018 2381 Cicero
2069 2327 2144 2380 ab

104 2393 283 2450 exilio
320 2394 512 2461 rediit,
549 2405 823 2448 accusare·
852 2393 921 2448 de
957 2395 1017 2449 vi
1044 2395 1104 2449 P.
1134 2393 1362 2449 Clodius
1389 2393 1636 2448 Sestium
1671 2396 1860 2464 coepit
1892 2397 2142 2453 immisso

102 2466 268 2521 velut
300 2465 555 2535 principe
593 2462 895 2519 delationis
923 2464 997 2518 M.
1017 2463 1372 2520 Albinovano
1411 2467 1471 2519 et
1505 2465 1894 2520 testimonium
1921 2467 2143 2524 dicente

103 2538 165 2593 P.
196 2535 462 2602 Vatinio,
501 2536 569 2588 ut
600 2535 709 2590 hoc
744 2534 1047 2604 praecipue
1083 2534 1308 2590 crimini
1342 2535 1522 2603 daret,
1560 2537 1714 2604 quod
1748 2553 2142 2608 supergressus

105 2606 337 2662 civilem
380 2604 611 2659 modum
665 2605 1018 2675 rogationem
1065 2623 1225 2660 suam
1271 2623 1394 2670 ,non
1439 2608 1727 2675 aequitate
1781 2610 2142 2677 persuaserit,

108 2677 207 2732 sed
249 2675 423 2730 armis
462 2675 788 2731 obtinuerit.
861 2675 963 2730 Cui
1013 2678 1329 2757 opponetur
1373 2675 1540 2731 huius
1594 2678 1751 2732 modi
1795 2695 1830 2731 a
1875 2677 2142 2734 Cicerone

105 2746 363 2802 defensio
400 2761 503 2816 per
538 2745 875 2814 qualitatem
912 2749 1122 2816 speciei
1158 2747 1402 2816 duplicis
1442 2790 1454 2802 .
1486 2789 1499 2802 .
1529 2789 1542 2802 .
1572 2790 1585 2802 .
1659 2748 1808 2802 Nam
1841 2749 2143 2804 relativum

102 2818 214 2874 hoc
272 2817 408 2885 erit,
464 2815 613 2870 iuste
666 2819 727 2872 et
778 2817 980 2872 merito
1026 2817 1293 2872 habuisse
1347 2820 1692 2873 armatorum
1742 2818 2030 2889 praesidia
2078 2818 2142 2872 P.

106 2887 377 2956 Sestium,
405 2889 474 2940 ut
499 2886 801 2942 Clodianos
828 2886 1074 2957 impetus
1104 2888 1177 2943 ab
1204 2888 1310 2943 illa
1338 2887 1718 2956 dimicatione,
1758 2906 1930 2957 quam
1954 2890 2140 2943 facere

104 2959 395 3029 coeperat,
434 2959 803 3012 submoveret.
876 2957 1027 3012 Illud
1053 2975 1184 3014 vero
1222 2959 1299 3012 ad
1330 2959 1847 3028 compensationem
1881 2959 2140 3026 refertur,

102 3046 207 3098 pro
255 3029 411 3083 bona
456 3043 628 3082 causa
672 3031 732 3082 et
774 3027 859 3090 rei
911 3028 1176 3098 publicae
1221 3027 1567 3097 necessaria,
1624 3028 1849 3083 etiamsi
1893 3031 2140 3084 armatos

100 3098 393 3166 habuerit,
430 3097 771 3168 impunitum
798 3115 921 3153 esse
949 3099 1171 3168 debere,
1210 3116 1339 3153 cum
1373 3099 1518 3154 bene
1545 3099 1810 3153 meritum
1847 3099 1918 3154 de
1955 3099 2140 3154 salute

102 3170 329 3252 patriae
367 3168 552 3224 civem
584 3169 811 3224 restitui
845 3169 1022 3224 vellet
1056 3169 1308 3225 omnium
1343 3169 1570 3224 favente
1617 3185 1908 3225 consensu.
1980 3172 2142 3224 Hanc

102 3241 285 3312 igitur
329 3239 570 3296 eandem
614 3256 844 3295 causam
896 3240 1126 3310 plurimi
1172 3240 1570 3308 defenderunt,
1625 3240 1685 3292 in
1741 3241 1866 3306 quis
1921 3240 2033 3294 fuit
2077 3239 2140 3306 Q.

104 3311 473 3380 HortensiuS,
521 3311 595 3365 M.
634 3309 891 3379 Crassus,
938 3310 995 3366 C.
1034 3310 1285 3366 Licinius
1322 3311 1554 3378 Calvus,
1602 3309 1860 3379 partibus
1897 3309 2044 3366 inter
2081 3327 2141 3364 se

103 3381 449 3450 distributis,
487 3397 629 3450 quas
670 3380 732 3435 in
770 3381 987 3451 agendo
1029 3383 1337 3437 tuerentur.
1411 3383 1608 3450 Itaque
1643 3380 1862 3435 Tullius
1901 3398 1970 3435 ea
2017 3397 2142 3451 per-

104 3453 307 3522 oravit,
348 3469 494 3521 quae
532 3451 645 3506 sibi
678 3452 907 3506 fuerant
940 3452 1292 3522 explicanda,
1328 3468 1449 3520 nec,
1487 3454 1554 3506 ut
1586 3449 1841 3532 plerique
1880 3451 2143 3507 arbitrati

105 3527 263 3592 sunt,
317 3527 479 3579 extra
514 3537 741 3577 causam
776 3525 1017 3593 vagatus
1056 3526 1168 3592 est;
1215 3522 1474 3592 quamvis
1512 3538 1664 3576 emm
1709 3521 1952 3578 sciamus
1991 3567 2006 3580 .
2036 3560 2049 3574 .
2080 3561 2094 3576 .

213 3614 325 3656 010.
352 3613 416 3655 11.
445 3615 471 3656 3
1787 3617 1816 3665 1
