2550 3875
365 171 498 234 348
821 171 964 225 PRO
1003 167 1198 224 REGE
1236 169 1605 224 DEIOTARO
1645 168 1928 224 ORATIO.

366 338 584 397 torum
630 332 972 397 hominum
1018 337 1246 397 contra
1293 332 1677 418 dignitatem
1727 336 1933 398 tuam.
2018 329 2197 405 Quae
2244 352 2393 394 cum

367 421 462 485 ita
519 424 760 502 essent,
827 424 1048 485 tamen
1101 442 1306 503 usque
1361 441 1436 484 eo
1494 442 1564 484 se
1618 419 1855 503 tenuit,
1912 419 2126 502 quoad
2181 441 2220 482 a
2274 417 2392 483 On.

283 519 344 567 12
367 508 680 593 Pompeio
721 509 802 572 ad
840 531 990 572 eum
1024 509 1228 592 legati
1266 509 1655 592 litteraeque
1691 511 2021 572 venerunt.
2096 506 2392 590 Ignosce,

365 597 650 683 ignosce,
699 595 955 679 Caesar,
1003 596 1060 660 si
1105 596 1242 660 eius
1290 595 1414 660 viri
1460 595 1843 660 auctoritati
1887 617 2001 659 rex
2036 593 2390 658 Deiotarus

365 684 588 768 cessit,
644 707 838 768 quem
882 707 1002 750 nos
1052 705 1274 748 omnes
1322 684 1531 749 secuti
1579 705 1829 768 sumus3
1874 683 1958 747 ad
2002 704 2196 766 quem
2244 703 2390 746 cum
2436 697 2457 736 ⁶

364 773 430 836 di
468 776 664 856 atque
701 772 998 837 homines
1039 773 1258 837 omnia
1295 776 1675 836 ornamenta
1710 771 2211 856 congessissent,
2250 775 2390 834 tum

365 865 438 924 tu
483 861 622 943 ipse
668 861 952 944 plurima
997 864 1064 924 et
1109 860 1409 924 maxima.
1481 859 1711 944 Neque
1753 860 1944 942 enim,
1992 859 2048 923 si
2095 862 2251 922 tuae
2291 879 2389 923 res

269 955 280 965 “
365 952 588 1032 gestae
628 953 992 1013 ceterorum
1027 949 1331 1012 laudibus
1360 948 1832 1013 obscuritatem
1864 947 2263 1030 adtulerunt,
2303 946 2391 1009 id-

367 1035 536 1101 circo
612 1033 726 1100 Cn.
794 1035 1068 1119 Pompei
1139 1037 1520 1102 memoriam
1593 1036 1944 1101 amisimus
2056 1034 2391 1110 Quantum

366 1145 604 1188 nomen
667 1125 804 1188 eius
867 1123 1092 1201 fuerit,
1166 1128 1447 1207 quantae
1512 1145 1695 1208 opes,
1769 1127 2013 1207 quanta
2075 1123 2145 1186 in
2213 1122 2391 1187 omni
2416 1139 2454 1177 1⁰

369 1232 602 1296 genere
641 1212 961 1276 bellorum
999 1211 1227 1296 gloria,
1266 1211 1499 1295 quanti
1524 1212 1806 1277 honores
1834 1211 2061 1295 populi
2090 1210 2393 1294 Romani,

371 1299 599 1382 quanti
647 1303 936 1377 senatus,
984 1300 1212 1382 quanti
1258 1301 1376 1384 tui,
1427 1300 1572 1383 quis
1619 1299 1927 1385 ignorat?
2016 1298 2233 1363 Tanto
2284 1299 2391 1362 ille

371 1387 734 1470 superiores
798 1387 1043 1452 vicerat
1107 1387 1342 1472 gloria,
1407 1392 1651 1471 quanto
1717 1393 1791 1452 tu
1856 1387 2157 1452 omnibus
2212 1409 2393 1471 prae-

375 1475 625 1539 stitisti.
698 1474 928 1558 Itaque
967 1474 1080 1540 Cn.
1118 1474 1399 1559 Pompei·
1427 1476 1616 1560 bella,
1644 1476 1971 1560 victorias,
1998 1475 2393 1559 triumphOS,

309 1604 351 1668 5
375 1563 748 1625 consulatus
795 1562 1188 1628 admirantes
1233 1565 1759 1648 numerabamus,
1815 1569 1965 1629 tuos
2011 1585 2389 1629 enumerare
2417 1576 2456 1616 1⁵

279 1694 350 1741 13
372 1671 502 1713 non
565 1671 926 1733 possumus.
1020 1649 1124 1715 Ad
1179 1673 1328 1716 eum
1382 1652 1587 1736 igitur
1640 1674 1755 1716 rex
1805 1651 2155 1716 Deiotarus
2215 1652 2393 1715 venit

372 1736 495 1801 hoc
541 1738 778 1803 misero
823 1739 1136 1821 fatalique
1184 1740 1373 1824 bello,
1426 1762 1619 1823 quem
1665 1744 1857 1805 antea
1900 1740 2093 1805 iustis
2137 1740 2392 1806 hostili-

373 1825 622 1908 busque
684 1827 875 1890 bellis
941 1826 1301 1911 adiuverat,
1366 1849 1644 1911 quocum
1708 1832 1849 1891 erat
1909 1850 2042 1892 non
2097 1828 2391 1912 hospitio

373 1914 602 1998 solum,
647 1938 870 1979 verum
917 1915 1116 1979 etiam
1162 1915 1611 1981 familiaritate
1658 1917 2059 2000 coniunctus,
2106 1919 2174 1981 et
2213 1917 2393 1983 venit

371 2003 473 2066 vel
537 2007 808 2087 rogatus
872 2009 947 2068 ut
1012 2004 1255 2068 amicus
1317 2006 1419 2068 vel
1476 2006 1825 2070 accersitus
1882 2009 1957 2069 ut
2012 2005 2232 2069 socius
2290 2006 2389 2070 vel
2417 2022 2461 2061 20

373 2095 678 2155 evocatus
719 2095 794 2155 ut
831 2091 907 2174 is,
953 2093 1065 2174 qui
1104 2092 1357 2156 senatui
1394 2114 1621 2176 parere
1660 2093 2007 2177 didicisset,
2053 2098 2389 2177 postremo

372 2178 550 2242 venit
607 2180 686 2241 ad
740 2178 1128 2262 fugientem,
1180 2201 1313 2244 non
1370 2181 1450 2243 ad
1505 2181 1979 2264 insequentem,
2034 2180 2101 2244 id
2156 2186 2261 2245 est
2314 2181 2394 2245 ad

371 2264 662 2348 periculi,
705 2288 837 2330 non
883 2267 962 2330 ad
1008 2267 1319 2331 victoriae
1368 2268 1765 2333 societatem.
1839 2268 2068 2351 Itaque
2116 2268 2395 2333 Pharsa-

372 2351 499 2416 lico
546 2353 793 2436 proelio
833 2354 1006 2419 facto
1045 2376 1084 2418 a
1121 2354 1433 2438 Pompeio
1472 2356 1798 2441 discessit3
1844 2378 2027 2440 spem
2063 2357 2395 2423 infinitam

370 2442 672 2524 persequi
705 2443 945 2526 noluit3
981 2443 1082 2507 vel
1123 2443 1358 2526 officio,
1395 2444 1451 2507 si
1485 2444 1639 2527 quid
1667 2445 1994 2527 debuerat,
2030 2445 2134 2509 vel
2164 2446 2390 2528 errori,
2420 2462 2465 2501 2⁶

373 2528 428 2591 si
479 2529 631 2611 quid
675 2530 1013 2614 nescierat,
1062 2530 1224 2594 satis
1272 2530 1521 2596 factum
1568 2553 1707 2596 esse
1754 2532 1965 2615 duxit3
2011 2532 2281 2597 domum
2325 2555 2391 2598 se

373 2617 650 2681 contulit
679 2621 870 2701 teque
890 2617 1403 2683 Alexandrinum
1431 2620 1675 2684 bellum
1700 2625 1963 2704 gerente
1982 2620 2390 2685 utilitatibus

286 2713 353 2763 14
370 2704 502 2769 tuis
561 2706 798 2788 paruit.
899 2706 1018 2769 Ille
1077 2707 1433 2772 exercitum
1488 2707 1601 2773 Cn.
1655 2706 1935 2791 Domiti,
2000 2709 2392 2792 amplissimi

371 2793 520 2877 viri,
585 2793 718 2857 suis
776 2794 968 2857 tectis
1023 2798 1092 2857 et
1146 2794 1350 2878 copiis
1408 2796 1824 2878 sustentavit,
1885 2795 1995 2860 1116
2050 2795 2391 2879 Ephesum

372 2880 452 2943 ad
507 2903 681 2964 eum,
748 2903 938 2964 quem
992 2885 1066 2945 tu
1123 2903 1200 2945 ex
1255 2883 1388 2947 tuis
1442 2883 1889 2948 fidelissimum
1945 2886 2012 2947 et
2064 2885 2393 2967 probatis·
2416 2902 2467 2942 ω

372 2968 609 3032 simum
656 2970 956 3033 omnibus
993 2969 1315 3054 delegisti,
1359 2971 1700 3053 pecuniam
1735 2971 1935 3056 misit,
1980 2971 2090 3035 ille
2129 2972 2389 3055 iterum,

370 3054 479 3119 ille
536 3056 732 3120 tertio
791 3056 1198 3121 auctionibus
1245 3057 1439 3122 factis
1484 3059 1825 3141 pecuniam
1871 3059 2074 3142 dedit,
2131 3081 2260 3143 qua
2306 3061 2388 3125 ad

368 3142 613 3207 bellum
665 3147 945 3228 uterere,
1000 3144 1110 3208 ille
1158 3167 1391 3229 corpus
1438 3168 1628 3211 suum
1672 3148 1961 3230 periculo
2010 3147 2251 3212 obiecit
2297 3153 2387 3213 te-

371 3251 644 3312 cumque
699 3230 769 3293 in
824 3231 960 3295 acic
1015 3237 1243 3296 contra
1289 3232 1689 3299 Pharnacem
1743 3235 1871 3299 fuit
1916 3238 2229 3320 tuumque
2274 3237 2387 3301 ho·-

371 3321 540 3380 stem
605 3338 743 3381 esse
804 3318 988 3382 duxit
1045 3340 1250 3383 suum.
1353 3320 1531 3396 Quae
1588 3323 1846 3405 quidem
1900 3345 1940 3387 a
1995 3326 2060 3386 te
2116 3324 2185 3387 in
2241 3345 2387 3387 eam
2413 3340 2461 3382 ss

369 3407 624 3483 partem
662 3409 927 3488 accepta
965 3409 1135 3489 sunt,
1182 3405 1439 3491 Caesar,
1475 3414 1551 3472 ut
1587 3432 1734 3474 eum
1772 3410 2174 3494 amplissimo
2210 3412 2385 3497 regis

369 3488 612 3553 honore
661 3494 726 3554 et
769 3492 1028 3556 nomine
1077 3493 1403 3559 adfeceris.
