2550 3875
821 164 974 221 CAP.
1016 171 1224 221 15—16
1262 172 1293 233 ξ
1332 171 1558 222 35—38.
1619 170 1623 175 '
2119 166 2208 231 97

262 321 484 393 Nunc
546 327 749 393 enim
812 328 1108 393 demum
1173 329 1274 393 mi
1334 328 1636 394 animus
1696 327 1944 411 ardet,
2006 331 2208 393 nunc

1128 438 1378 481 meum
1425 438 1556 482 eor
1600 416 2048 481 cumulatur
2092 416 2211 481 ira

175 489 290 550 aut
333 485 551 550 illum:

263 608 317 675 Ο
364 610 674 694 infelix,
720 632 759 674 o
806 610 1173 676 sceleste!

123 749 149 789 ⁵
175 732 396 799 Ferrei
441 737 596 798 sunt
640 734 756 798 isti
803 738 1056 819 patres.

4 870 7 939 ι
260 858 482 943 Egon
519 857 700 942 quid
739 856 1014 941 dicam,
1053 855 1248 942 qui‘d
1273 857 1551 923 velim?
1600 879 1791 942 quae
1828 861 1914 922 tu
1952 855 2214 921 6mnia

259 945 442 1010 Tuis
488 944 744 1009 foedis
788 944 1030 1011 factis
1075 945 1273 1010 facis
1321 950 1407 1011 ut
1441 946 1912 1030 nequiquam
1948 945 2211 1030 velim,

172 1087 282 1152 vix
307 1086 576 1151 ferendi.
640 1085 908 1151 Diceret
935 1087 1090 1151 talis
1120 1091 1339 1172 pater.
1379 1085 1536 1152 Cur
1564 1086 1679 1151 te
1660 1109 1731 1151 111
1758 1087 1960 1150 istam
1987 1084 2212 1151 vicini-

172 1179 379 1239 tatem
435 1174 874 1240 meretriciam
919 1175 1306 1241 contulisti?
1364 1196 1479 1240 cur
1524 1174 1873 1240 inlecebris
1922 1174 2211 1259 cognitis

4 1280 6 1307 ³
95 1287 145 1326 10
169 1286 306 1328 non
349 1264 655 1349 refugisti
668 1262 726 1327 ‘2'

263 1368 414 1436 Gur
461 1370 795 1434 alienam
840 1370 1080 1434 ullam
1119 1370 1526 1434 mulierem
1560 1367 1820 1433 nosti?
1892 1366 2087 1473 Dide
2127 1390 2213 1432 ac

262 1544 411 1610 Per
455 1568 567 1610 me
615 1547 728 1611 tibi
771 1546 980 1611 licet.
1066 1544 1147 1612 Si
1184 1546 1481 1632 egebis,
1528 1543 1681 1610 ti‘bi
1719 1456 2217 1651 doleb‘ilfflv‘issv}

91 1745 145 1787 15
261 1720 460 1787 Mihi
508 1725 632 1787 sat
677 1726 824 1807 est,
871 1722 1027 1807 qui,
1076 1722 1369 1788 aetatis
1410 1721 1613 1807 quod
1647 1632 2217 1805 relicuomnensltz,

1549 1809 1936 1875 oblectem
1983 1830 2215 1873 meae.

171 1914 346 1983 Huic
409 1916 592 1983 tristi
655 1940 732 1984 ae
797 1916 1058 1983 derecto
1123 1918 1264 1982 seni
1329 1917 1753 2001 responderet
1818 1914 2077 1982 Caelius
2138 1936 2206 1980 se
2233 1933 2305 1984 38

168 2004 355 2070 nulla
419 2007 777 2091 cupiditate
839 2007 1179 2071 inductum
1246 2007 1325 2071 de
1388 2007 1497 2071 via
1559 2005 1932 2070 decessisse.
2039 2004 2212 2080 Quid

171 2093 394 2178 signi?
489 2094 678 2160 Nulli
733 2098 1062 2179 sumptus,
1116 2095 1301 2159 nulla
1354 2094 1634 2179 iactura,
1687 2093 1871 2159 nulla
1925 2114 2211 2159 versura.

87 2206 142 2245 20
167 2182 266 2247 At
320 2181 450 2247 fuit
493 2183 687 2248 fama.
783 2183 1038 2260 Quotus
1086 2183 1361 2267 quisque
1410 2186 1539 2264 [est
1548 2234 1565 2266 ,
1622 2181 1762 2267 qui]
1810 2182 2011 2246 istam
2056 2181 2215 2246 effu·

168 2291 328 2356 gere
376 2275 600 2356 potest
642 2273 714 2336 in
759 2276 900 2337 tam
945 2271 1263 2336 maledica
1310 2271 1622 2337 civitate?
1713 2270 2023 2334 Vicinum
2070 2270 2210 2334 eius

167 2359 468 2424 mulieris
513 2360 774 2425 miraris
822 2360 991 2425 male
1039 2360 1324 2444 audisse,
1376 2360 1561 2426 cuius
1604 2359 1811 2424 frater
1857 2379 2211 2443 germanus

168 2469 506 2513 sermones
557 2449 936 2533 iniquorum
980 2448 1264 2533 effugere
1309 2470 1445 2513 non
1486 2447 1752 2533 potuit?
1844 2445 2009 2511 L'eni
2055 2467 2211 2512 vero

168 2540 243 2600 et
287 2536 594 2601 clementi
639 2541 854 2621 patre,
902 2536 1086 2602 cuius
1133 2536 1313 2601 modi
1356 2536 1469 2601 ille
1516 2540 1641 2601 est:

81 2681 138 2722 25
261 2657 503 2724 Fores
552 2659 917 2746 ecfregit,
963 2661 1528 2746 restituentur3
1574 2657 1907 2725 discidit

259 2747 607 2833 Vestem,
653 2749 1158 2833 rosal-cietur,

164 2889 294 2954 filii
337 2911 534 2954 causa
569 2893 672 2954 est
707 2889 1214 2974 expeditissima.
1310 2888 1481 2966 Quid
1520 2889 1694 2953 enim
1732 2893 1923 2973 esset,
1970 2889 2042 2953 in
2080 2910 2209 2973 quo

165 3000 240 3042 se
277 2999 414 3042 non
444 2978 636 3043 facile
666 2976 1082 3042 defenderet?
1164 2977 1353 3042 Nihil
1381 2978 1514 3042 iam
1540 2977 1613 3042 in
1638 2978 1837 3042 istam
1867 2977 2208 3041 mulierem

79 3175 136 3216 30
166 3154 483 3220 omnibus
541 3154 983 3240 pervolgaret,
1049 3177 1213 3239 quae
1267 3154 1546 3219 haberet
1599 3154 1821 3238 palam
1875 3154 2211 3218 decretum

163 3265 432 3327 semper
477 3242 787 3328 aliquem,
840 3243 1023 3309 cuius
1070 3245 1142 3308 in
1185 3243 1444 3327 hortos,
1492 3243 1777 3326 domum,
1822 3240 2021 3306 Baias
2067 3242 2208 3306 iure

163 3354 292 3397 suo
340 3330 646 3396 libidines
695 3332 988 3396 omnium
1033 3334 1492 3415 commearent,
1546 3352 1709 3414 quae
1758 3330 1957 3394 etiam
2004 3331 2208 3395 aleret

163 3419 609 3485 adulescentis
675 3423 742 3484 et
795 3421 1265 3505 parsimoniam
1320 3423 1585 3504 patrum
1643 3418 1777 3483 suis
1834 3420 2210 3504 sumptibus

161 3511 602 3592 sustentaret3
648 3509 706 3574 si
745 3509 943 3574 vidua
977 3508 1200 3594 libere,
1245 3513 1555 3593 proterva
1590 3507 1982 3591 petulanter,
2028 3507 2211 3573 dives

278 3621 551 3664 (1111113.
1296 3611 1301 3620 ‘
1850 3616 1880 3661 'z
