2550 3875
867 186 1022 242 CAP.
1061 192 1234 242 9—11
1274 193 1305 253 5
1342 193 1571 244 23—29.
2100 187 2233 253 267

189 350 375 434 vicit,
409 372 545 415 non
585 350 800 414 solum
828 371 977 413 cum
1005 347 1363 433 chlamyde,
1401 350 1512 414 sed
1542 350 1743 414 etiam
1773 372 1921 415 cum
1950 349 2233 433 crepidis

191 441 266 504 in
311 436 642 521 Capitolio
699 441 989 502 statuam
1042 437 1308 521 videtis3
1365 459 1645 521 quorum
1695 438 2056 522 impunitas
2102 436 2233 502 fuit

191 550 332 593 non
385 525 578 591 modo
636 548 676 590 a
719 525 987 608 iudici0,
1041 526 1157 590 sed
1203 525 1406 589 etiam
1452 547 1491 589 a
1536 547 1850 591 sermone.
1940 525 2232 590 Facilius

196 619 374 682 certe
412 613 482 678 P.
529 612 856 678 Rutilium
892 612 1139 677 Rufum
1182 613 1595 678 necessitatis
1644 614 1976 679 excusatio
2020 613 2235 678 defen-

139 731 168 771 5
194 704 339 788 det3
385 702 499 786 qui
545 723 694 766 cum
740 723 780 766 a
823 700 1208 766 Mithridate
1254 700 1595 786 Mytilenis
1644 723 1993 786 oppressus
2041 706 2234 785 esset,

196 790 654 858 crudelitatem
698 790 873 875 regis
919 789 990 853 in
1035 792 1303 874 togatos
1349 790 1629 854 vestitus
1668 791 2033 855 mutatione
2069 790 2234 855 vita-

194 880 315 945 vit.
387 878 568 964 Ergo
604 877 716 942 ille
753 877 824 941 P.
854 877 1162 962 Rutilius,
1208 877 1323 961 qui
1364 877 1825 943 documentum
1861 878 1990 942 fuit
2025 877 2235 944 homi-

193 967 394 1032 nibus
446 965 692 1030 nostris
742 965 1028 1047 virtutis,
1075 965 1510 1050 antiquitatis,
1556 966 1961 1052 prudentiae,
2007 987 2233 1032 consu-

195 1055 358 1120 laris
404 1054 602 1119 homo
651 1074 875 1118 soccos
920 1053 1155 1118 habuit
1201 1058 1269 1118 et
1314 1055 1607 1139 pallium3
1660 1076 1779 1120 nec
1825 1076 1978 1119 vero
2016 1054 2084 1118 id
2118 1054 2235 1118 ho-

59 1209 64 1214 .
116 1173 169 1212 10
197 1143 364 1208 mini
401 1145 545 1206 tum
583 1142 947 1226 quisquam,
985 1142 1097 1206 sed
1134 1143 1417 1226 tempori
1456 1141 1921 1228 assignandum
1946 1142 2235 1226 putavit3

197 1232 518 1298 Postumo
575 1230 822 1294 crimen
869 1231 1149 1295 vestitus
1198 1231 1425 1294 afferet
1472 1230 1560 1315 is,
1615 1231 1686 1295 in
1731 1251 1860 1314 quo
1910 1252 2058 1314 spes
2104 1229 2234 1293 fuit

196 1341 393 1404 posse
432 1339 573 1382 sese
613 1318 960 1402 aliquando
994 1320 1076 1383 ad
1103 1318 1402 1384 fortunas
1432 1341 1583 1384 suas
1611 1319 1993 1403 pervenire‘x>
2040 1316 2233 1395 Nam,
2249 1327 2321 1376 28

197 1411 275 1472 ut
315 1411 585 1472 ventum
622 1410 723 1471 est
769 1406 1264 1491 Alexandream,
1300 1407 1566 1491 iudices,
1609 1407 1773 1472 haec
1816 1429 1949 1471 una
1983 1405 2155 1470 ratio
2196 1427 2235 1469 a

198 1517 354 1581 rege
417 1494 760 1579 proposita
821 1493 1141 1560 Postumo
1205 1499 1308 1561 est
1368 1496 1718 1560 servandae
1773 1494 2112 1579 pecuniae,
2178 1494 2236 1558 si

121 1611 173 1652 ιε
202 1583 608 1650 curationem
646 1588 713 1648 et
742 1582 930 1667 quasi
958 1583 1515 1667 dispensationem
1541 1584 1793 1669 regiam
1822 1583 2236 1667 suscepisset.

199 1673 279 1738 Id
326 1675 547 1736 autem
589 1671 803 1736 facere
840 1693 975 1736 non
1010 1675 1292 1755 poterat,
1338 1671 1468 1736 nisi
1506 1673 1831 1737 dioecetes
1868 1671 2023 1756 (hoc
2060 1671 2237 1735 enim

196 1760 462 1826 nomine
499 1759 712 1823 utitur
737 1760 785 1843 †
814 1756 1202 1846 quiaretiae)
1240 1765 1414 1824 esset
1443 1761 1861 1826 constitutus.
1919 1759 2238 1824 Odiosum

196 1849 539 1934 negotium
584 1846 901 1913 Postumo
957 1848 1327 1927 videbatur,
1383 1848 1495 1913 sed
1549 1853 1694 1913 erat
1738 1848 1920 1912 nulla
1967 1847 2235 1913 omnino

198 1936 559 2021 recusati03
595 1938 947 2002 molestum
986 1936 1187 2001 etiam
1221 1959 1461 2002 nomen
1493 1938 1728 2022 ipsum,
1768 1938 1881 2002 sed
1908 1959 2011 2003 res
2041 1936 2239 2001 habe-

119 2054 174 2093 20
202 2027 318 2090 bat
361 2047 603 2094 nomen
645 2026 772 2090 hoc
819 2026 989 2108 apud
1034 2026 1204 2103 illos,
1247 2047 1384 2090 non
1427 2026 1537 2091 hic
1576 2027 1997 2110 imposuerat.
2075 2024 2241 2089 Ode·

199 2118 306 2180 rat
349 2114 666 2179 vestitum
704 2114 905 2178 etiam
941 2112 1147 2197 illum,
1195 2115 1308 2179 sed
1347 2114 1486 2180 sine
1525 2136 1601 2179 eo
1639 2136 1760 2179 nec
1796 2136 2038 2178 nomen
2071 2112 2241 2176 illud

197 2205 464 2287 poterat
507 2222 627 2266 nec
679 2222 916 2267 munus
963 2202 1150 2266 tueri.
1241 2202 1425 2289 Ergo
1474 2202 1775 2267 ‘aderat
1821 2200 1971 2266 vis'
2020 2205 2095 2265 ut
2142 2201 2242 2264 ait

197 2294 400 2374 poeta
443 2289 556 2353 ille
600 2294 856 2374 noster,

361 2452 368 2459 ·
467 2412 683 2496 quae
732 2434 1064 2477 summas
1109 2412 1405 2499 frangit
1450 2412 1963 2497 infirmatque
2012 2412 2241 2500 opes’.

119 2581 172 2621 ετ»
335 2551 768 2636 M’oreretur,
831 2552 1115 2637 inquies3
1177 2574 1334 2616 nam
1396 2553 1463 2617 id
1528 2554 1839 2638 sequitur.
1945 2554 2243 2621 Fecisset
2261 2560 2333 2609 29

198 2646 406 2725 certe,
470 2640 527 2705 si
593 2640 730 2704 sine
794 2640 1078 2704 maximo
1143 2641 1454 2705 dedecore
1518 2644 1657 2705 tam
1715 2641 2050 2725 impeditis
2105 2643 2242 2706 suis

196 2730 398 2793 rebus
443 2728 768 2812 potuisset
817 2728 1097 2808 [emori].
1189 2727 1417 2792 Nolite
1463 2729 1669 2814 igitur
1714 2730 2050 2794 fortunam
2096 2750 2243 2793 con·
2265 2732 2345 2796 11

197 2821 456 2883 vertere
505 2816 577 2879 in
621 2816 880 2899 culpam
924 2837 1134 2899 neque
1180 2816 1356 2901 regis
1403 2816 1709 2881 iniuriam
1754 2818 1949 2881 huius
1997 2816 2246 2880 crimen

197 2909 435 2989 putare
497 2925 619 2968 nec
679 2903 1023 2968 consilium
1080 2925 1158 2967 ex
1209 2904 1602 2969 necessitate
1659 2926 1779 2969 nec
1834 2904 2245 2968 voluntatem

120 3019 174 3058 80
202 3015 282 3057 ex
328 2992 395 3057 vi
441 2991 889 3076 interpretari,
937 2991 1067 3055 nisi
1112 2991 1285 3055 forte
1332 3013 1443 3056 eos
1492 2993 1718 3077 etiam,
1758 2991 1871 3074 qui
1915 2991 1987 3054 in
2030 2990 2245 3054 hostis

201 3084 319 3145 aut
365 3079 437 3144 in
481 3080 840 3163 praedones
887 3079 1259 3163 inciderint,
1308 3080 1365 3143 si
1411 3080 1603 3144 aliter
1650 3078 1987 3163 quippiam
2034 3077 2248 3142 coacti

197 3168 449 3233 faciant
495 3188 568 3232 ac
611 3168 833 3251 libere,
878 3131 1341 3251 vituperandos
1387 3173 1596 3251 putes,
1686 3166 1899 3232 Nemo
1945 3170 2248 3231 nostrum

198 3256 494 3343 ignorat,
561 3255 820 3321 etiamsi
882 3255 1133 3339 experti
1195 3278 1332 3320 non
1396 3276 1647 3340 sumuS,
1712 3254 2251 3336 consuetudinem

199 3344 471 3430 regiam.
542 3343 802 3429 Regum
838 3348 1058 3408 autem
1095 3348 1250 3408 sunt
1286 3344 1500 3409 haec
1482 3342 1782 3427 imperia:
1859 3328 2253 3407 Animad-

122 3437 421 3498 35verte
470 3452 555 3496 ac
601 3433 816 3497 dicto
862 3430 1068 3516 pare'
1117 3436 1184 3496 et
1231 3430 1583 3495 Praeter
1629 3431 2070 3515 rogitatum
2105 3432 2153 3515 †
2191 3431 2253 3495 si

199 3518 351 3604 pie’
402 3523 468 3584 et
514 3520 665 3584 illae
714 3520 952 3584 minae.
