2550 3875
393 158 479 222 38
976 156 1118 212 PRO
1156 157 1214 212 P.
1255 157 1500 214 sns'mo
1538 157 1812 214 oRA'rio

394 318 691 403 confessi,
726 318 798 383 in
832 318 1048 385 vincla
1083 320 1362 386 coniecti
1398 340 1439 384 a
1472 320 1735 403 Milone,
1771 322 1990 385 emissi
2030 340 2072 386 a
2107 320 2428 407 Sex-raum

392 408 637 473 mentio
682 407 880 471 nulla.
970 406 1215 473 Forum
1260 410 1642 493 corporibus
1689 409 1928 473 civium
1969 409 2427 476 Romanorum
2544 412 2546 463 ἕ

390 499 800 561 constratum
872 495 1063 561 caede
1129 501 1477 581 nocturna3
1545 516 1682 561 non
1741 495 1937 562 modo
1997 499 2186 562 nulla
2247 517 2425 563 nova
2544 490 2546 533 ⁵

395 583 709 668 quaestio,
754 584 868 648 sed
914 584 1113 648 etiam
1152 589 1376 649 vetera
1409 585 1649 650 iudicia
1683 585 1960 649 sublata.
2050 586 2424 651 Tribunum

392 672 481 756 pl.
524 672 673 755 plus
718 671 957 756 viginti
997 673 1374 737 vulneribus
1405 674 1691 757 acceptas
1727 673 2046 738 iacentem
2077 676 2422 739 moribun-
2451 693 2476 733 5
2544 726 2546 748 ,

392 760 672 844 dumque
717 760 1000 845 vidistis3
1050 761 1323 826 alterius
1368 761 1616 825 tribuni
1663 761 1775 845 pl„
1825 761 2078 843 [divini]
2128 762 2425 828 hominis
2544 754 2546 847 ξ

394 846 637 934 (dicam
688 848 891 931 enim,
946 850 1119 933 quod
1172 850 1411 931 sentio,
1467 853 1534 913 et
1587 849 1762 932 quod
1815 867 2091 915 mecum·
2116 852 2426 915 sentiunt
2544 854 2546 929 i

394 935 646 1021 omnes)
689 935 919 1020 divini,
964 938 1208 1022 insigni
1256 937 1558 1021 quadam,
1602 937 1913 1021 inaudita,
1954 955 2128 1003 nova
2164 940 2424 1024 magni·
2544 950 2546 1023 ξ

285 1068 374 1132 40
393 1024 614 1090 tudine
652 1024 870 1109 animi,
913 1025 1259 1110 gravitate,
1305 1025 1429 1090 fide
1465 1021 1763 1110 praediti,
1801 1023 2035 1090 <domus
2069 1031 2176 1091 est
2213 1048 2424 1110 oppu-

213 1160 372 1208 ’86

303 2533 372 2582 87

393 1117 595 1199 gnata
644 1112 845 1196 ferro,
902 1112 1182 1197 facibus,
1238 1114 1526 1178 exercitu
1581 1111 1912 1179 Clodi-ano
2008 1108 2103 1178 Et
2156 1118 2235 1177 tu
2291 1115 2423 1181 hoc
2452 1137 2500 1175 ιο
2544 1139 2546 1157 ⁵

390 1203 537 1267 loco
577 1201 808 1266 laudas
844 1201 1160 1266 Milonem
1206 1205 1272 1265 et
1313 1202 1451 1266 iure
1487 1201 1730 1266 laudas.
1823 1201 2029 1277 Quem
2061 1203 2244 1267 enim
2280 1222 2425 1268 um·
2544 1272 2546 1277 ,

392 1311 589 1373 quam
624 1289 835 1353 virum
871 1293 1009 1353 tam
1043 1290 1401 1354 immortali
1436 1289 1679 1353 virtute
1716 1289 2041 1354 vidimus?
2076 1291 2191 1373 qui
2227 1293 2421 1356 nullo
2544 1306 2546 1349 ;

389 1378 680 1461 praemio
734 1379 1072 1462 proposito
1126 1381 1388 1462 praeter
1438 1377 1590 1461 hoc,
1647 1375 1818 1461 quod
1870 1378 2002 1443 iam
2052 1379 2423 1445 contritum
2544 1434 2546 1465 ;

391 1470 459 1530 et
530 1469 977 1549 contemth
1048 1470 1345 1550 putatur,
1417 1466 1725 1531 iudicium
1797 1466 2119 1531 bonorum
2191 1470 2427 1532 omnia
2544 1477 2546 1502 ²

390 1553 704 1639 pericula,
774 1575 1061 1619 summos
1124 1555 1408 1637 labores,
1473 1554 1892 1640 gravissi-mss
1956 1556 2423 1620 contentiones
2454 1581 2499 1620 15

390 1640 893 1726 inimicitiasque
958 1642 1269 1725 suscepit,
1339 1642 1451 1725 qui
1513 1642 1676 1706 mihi
1733 1663 1901 1707 unus
1962 1659 2044 1707 ex
2101 1644 2424 1709 omnibus

392 1728 642 1794 civibus
686 1730 941 1794 videtur
985 1750 1054 1794 re
1100 1730 1414 1814 docuisse,
1455 1747 1590 1795 non
1632 1731 1866 1814 verbiS,
1912 1734 1980 1795 et
2024 1731 2182 1813 quid
2227 1747 2427 1815 opor-

391 1821 564 1881 teret
610 1840 649 1881 a
691 1818 1176 1901 praestantibus
1222 1819 1382 1882 viris
1427 1818 1498 1882 in
1540 1839 1611 1881 re
1655 1813 1919 1901 publica
1961 1819 2103 1885 fieri
2146 1822 2218 1882 et
2261 1822 2424 1903 quid

389 1926 651 1972 necesse
695 1910 887 1990 esset,
934 1910 1234 1990 oportere
1281 1906 1619 1971 hominum
1653 1907 1996 1973 audacium
2031 1922 2425 1974 eversorum

391 1995 486 2059 rei
523 1993 820 2078 publicae
855 1996 1086 2059 sceleri
1112 1994 1369 2080 legibus
1398 1999 1465 2058 et
1489 1995 1747 2060 iudiciis
1775 1997 2106 2080 resistere3
2140 1996 2202 2060 si
2232 1997 2424 2082 leges
2452 2023 2499 2060 ρο

389 2104 523 2146 non
584 2081 900 2166 valerent,
961 2082 1202 2147 iudicia
1260 2100 1396 2147 non
1451 2088 1694 2166 essent,
1755 2084 1817 2148 si
1870 2102 1974 2148 res
2027 2084 2301 2167 publiea
2354 2088 2427 2150 vi

392 2190 835 2253 consensuque
875 2171 1215 2235 audacium
1253 2171 1453 2235 armis
1491 2190 1801 2255 oppressa
1836 2175 2184 2256 teneretur,
2233 2195 2427 2258 prae-

394 2257 557 2321 sidio
623 2261 691 2321 et
752 2258 959 2341 copiis
1022 2259 1277 2323 defendi
1341 2259 1546 2324 vitam
1599 2264 1668 2324 et
1719 2261 2093 2324 libertatem
2142 2276 2423 2326 necesse

392 2366 548 2409 esse.
638 2343 785 2410 Hoc
834 2348 1075 2411 sentire
1119 2348 1500 2432 prudentiae
1546 2352 1674 2430 est,
1727 2348 1939 2414 facere
1982 2348 2423 2434 fortitudiniS,

393 2437 459 2496 et
512 2433 752 2498 sentim
806 2455 959 2499 vero
1004 2438 1073 2500 et
1117 2435 1329 2500 facere
1374 2432 1699 2520 perfectae
1744 2437 2244 2520 cumulataeque
2291 2440 2425 2502 vir-
2452 2465 2502 2503 25

393 2521 575 2585 tutis.
650 2521 834 2586 Adiit
872 2523 952 2587 ad
988 2543 1125 2587 rem
1160 2524 1492 2607 publicam
1529 2525 1832 2590 tribunus
1867 2526 1955 2609 pl.
1983 2523 2147 2588 Milo
2185 2556 2279 2571 ——
2308 2522 2423 2611 (de

392 2609 574 2674 cuius
620 2609 807 2674 laude
852 2610 1043 2694 plura
1083 2611 1324 2695 dicam,
1370 2631 1506 2677 non
1549 2632 1679 2696 quo
1727 2617 1843 2678 aut
1886 2613 2026 2696 ipse
2070 2613 2240 2677 haec
2287 2614 2424 2678 dici

394 2716 589 2781 quam
639 2699 999 2763 existimari
1053 2698 1243 2762 malit
1298 2703 1412 2763 aut
1465 2718 1588 2785 ego
1640 2701 1814 2765 hunc
1864 2696 2075 2764 laudis
2121 2700 2424 2766 fructum

390 2786 720 2870 praesenti
776 2787 1057 2851 libenter
1108 2786 1486 2870 inpertiam,
1548 2789 1936 2872 praesertim
1991 2805 2140 2852 cum
2192 2791 2421 2854 verbis

392 2875 698 2958 consequi
750 2896 885 2939 non
934 2875 1183 2958 possim
1192 2925 1209 2958 ,
1265 2875 1378 2940 sed
1435 2875 1605 2958 quod
1655 2876 1984 2958 existimo,
2034 2876 2096 2940 si
2142 2876 2420 2942 Milonis
2447 2905 2503 2944 ω

391 2983 653 3026 causam
698 2962 1093 3027 accusatoris
1138 2983 1296 3027 voce
1343 2963 1795 3028 conlaudatam
1839 2965 2141 3048 probaro,
2186 2961 2310 3029 v‘os
2346 2967 2421 3029 in

390 3050 516 3114 hoc
563 3050 828 3114 crimine
873 3070 1098 3134 parem
1146 3048 1321 3114 Sesti
1370 3069 1630 3115 causam
1675 3050 2194 3136 existimaturos)
2251 3053 2420 3117 adiit

392 3138 598 3221 igitur
659 3137 731 3201 Τ.
792 3137 1046 3202 Annius
1119 3138 1200 3201 ad
1274 3157 1537 3202 causam
1607 3139 1702 3203 rei
1778 3141 2079 3224 publicae
2138 3141 2266 3225 sie,
2336 3146 2420 3204 ut

394 3224 600 3288 civem
670 3227 918 3308 patriae
992 3244 1371 3309 recuperare
1435 3227 1632 3291 vellet
1696 3232 2009 3311 ereptum..
2118 3227 2420 3313 Simplex
2544 3243 2546 3246 ’

395 3333 612 3395 causa,
685 3317 987 3377 constans
1060 3315 1258 3397 ratio,
1329 3314 1524 3399 plena
1595 3315 2038 3380 consensionis
2098 3319 2417 3401 onmium,
2442 3317 2546 3385 ³⁵?

394 3397 587 3478 plena
648 3399 1043 3464 concordiae.
1144 3400 1446 3486 Collegas
1501 3401 1833 3467 adiutores
1885 3402 2200 3488 habebat3
2268 3423 2417 3470 oon·
2544 3425 2546 3488 ι

395 3482 554 3547 sulis
594 3484 861 3551 alterius
896 3508 1222 3553 summum
1258 3490 1564 3573 studium,
1608 3491 1880 3556 alterius
1914 3492 2169 3557 animus
2203 3510 2414 3577 paene

369 3770 406 3867 k
