2550 3875
869 164 1020 218 GAP.
1063 170 1110 233 1,
1150 170 1182 218 2
1221 170 1251 231 s
1294 170 1445 219 1—5.
2058 166 2185 228 361

33 368 41 401 ς
155 326 228 389 in
290 347 392 390 me
447 325 601 410 fuit,
663 326 788 391 ieci
841 325 1265 391 fundamenta
1320 327 1499 410 pacis
1557 326 2189 410 Atheniensiumque

33 439 36 472 :
155 414 464 479 renovavi
536 418 724 479 vetus
799 415 1194 499 exemplum3
1259 413 1581 479 Graecum
1649 415 1849 479 etiam
1914 415 2188 481 verbum

33 515 43 588 J·
155 502 492 587 usurpavi,
566 524 694 587 quo
759 506 901 569 tum
963 504 1033 567 in
1097 504 1395 567 sedandis
1459 503 1799 569 discordiis
1863 525 1983 567 usa
2046 506 2188 567 erat

33 609 36 616 ·
156 591 390 655 civitas
436 591 568 674 illa,
615 595 814 675 atque
853 613 1113 656 omnem
1139 592 1534 656 memoriam
1570 591 2039 657 discordiarum
2078 590 2187 656 ob-

33 729 39 760 ·.
93 696 124 737 ⁵
155 680 398 744 livione
461 680 859 763 sempiterna
912 679 1249 745 delendam
1306 681 1543 745 censui.
1645 680 1989 745 Praeclara
2041 683 2183 744 tum
2203 697 2236 745 2

34 799 36 810 ·
156 768 370 833 oratio
399 766 487 831 M.
525 768 793 852 Antoni,
839 768 1106 853 egregia
1142 768 1343 833 etiam
1378 768 1711 853 voluntas3
1746 790 1875 853 pax
1910 768 2187 852 denique

153 878 272 941 per
345 878 493 921 eum
567 860 634 921 et
696 879 813 940 per
875 857 1118 921 liberos
1184 857 1323 921 eius
1389 878 1537 921 cum
1598 856 2185 940 praestantissimis

33 1015 37 1022 ,
155 945 409 1009 civibus
466 944 851 1009 confirmata
903 948 1019 1009 est.
1110 943 1332 1027 Atque
1387 944 1491 1009 his
1547 945 1885 1029 principiis
1937 944 2187 1027 reliqua

31 1041 45 1121 j
157 1032 670 1097 consentiebant.
770 1032 876 1097 Ad
929 1033 1428 1098 deliberationes
1485 1055 1620 1116 eaS,
1687 1056 1846 1117 quas
1900 1032 2187 1097 habebat

33 1140 128 1190 310
157 1121 338 1185 domi
383 1120 460 1185 de
507 1143 576 1185 re
621 1122 908 1205 publica,
953 1121 1281 1205 principes
1329 1121 1616 1185 civitatis
1665 1121 2046 1205 adhibebat3
2105 1120 2187 1184 ad

33 1213 43 1265 ἰ
155 1211 329 1274 hunc
385 1208 677 1273 ordinem
723 1231 828 1274 res
876 1210 1160 1292 optimas
1207 1209 1563 1290 deferebat,
1620 1210 1785 1275 nihil
1832 1214 2002 1292 tum,
2056 1208 2187 1273 nisi

33 1302 43 1336 ³
156 1298 332 1381 quod
385 1301 528 1362 erat
579 1302 810 1362 notum
865 1298 1194 1381 omnibuS,
1259 1297 1330 1361 in
1384 1296 1453 1363 O.
1514 1296 1811 1363 Caesaris
1868 1318 2187 1363 commen-

33 1390 43 1409 *
157 1386 348 1450 tariis
412 1385 885 1470 reperiebatur3
958 1406 1212 1450 summa
1277 1387 1647 1451 constantia
1710 1386 1792 1451 ad
1856 1407 1958 1469 ea,
2024 1405 2184 1469 quae

33 1520 43 1551 ι
159 1474 460 1558 quaesita
515 1478 732 1557 erant,
788 1474 1241 1558 respondebat.
1333 1472 1511 1539 Num
1566 1474 1678 1559 qui
1734 1474 1952 1539 exules
2000 1472 2183 1537 resti·
2204 1490 2240 1538 3

33 1591 37 1624 ,ι
67 1580 127 1621 1⁵
156 1564 306 1627 tuti.
389 1561 610 1627 Unum
655 1563 888 1645 aiebat,
933 1566 1271 1645 praeterea
1313 1562 1657 1628 neminem.
1740 1561 1917 1626 Num
1959 1561 2188 1626 immu-

33 1661 41 1694 ²
155 1652 401 1716 nitates
439 1651 646 1715 datae.
730 1650 1033 1734 ‘Nullae',
1078 1650 1529 1735 respondebat.
1612 1650 1949 1715 Adsentiri
1986 1650 2187 1714 etiam

33 1801 41 1814 ,
156 1761 278 1804 nos
328 1738 463 1804 Ser.
513 1737 830 1823 Sulpicio,
881 1739 1243 1803 clarissimo
1292 1739 1431 1803 viro
1442 1790 1459 1822 ,
1506 1739 1745 1823 voluit,
1791 1761 1871 1803 ne
1920 1760 2049 1822 qua
2094 1742 2187 1801 ta-

33 1831 38 1838 ”
158 1828 314 1893 bula
358 1832 514 1911 post
549 1826 704 1891 Idus
741 1826 1014 1892 Martias
1061 1826 1258 1891 ullius
1307 1828 1549 1892 decreti
1588 1826 1885 1893 Caesaris
1932 1830 2047 1890 aut
2084 1826 2187 1889 be·

34 1974 36 1979 .
156 1915 372 1982 neficii
435 1916 764 2002 figeretur.
863 1914 1076 1981 Multa
1130 1920 1468 2001 praetereo
1478 1967 1496 2000 ,
1561 1933 1764 2000 eaque
1828 1915 2188 2000 praeclara;

33 2020 127 2064 ἰεο
155 2006 238 2070 ad
293 2005 622 2092 singulare
678 2005 850 2070 enim
895 2005 982 2069 M.
1029 2005 1281 2071 Antoni
1336 2005 1583 2070 factum
1637 2004 1909 2068 festinat
1956 2003 2185 2067 oratio.

33 2092 40 2124 ²
154 2093 588 2178 Dictaturam,
635 2115 800 2178 quae
839 2094 972 2158 iam
1005 2094 1141 2158 vim
1178 2094 1397 2178 regiae
1433 2093 1785 2177 potestatis
1824 2091 2186 2175 obsederat,

34 2186 36 2193 ’
154 2183 450 2247 funditus
497 2180 576 2247 ex
621 2204 690 2247 re
736 2183 1000 2266 publica
1045 2183 1342 2266 sustulit3
1397 2183 1475 2245 de
1524 2203 1652 2264 qua
1695 2201 1763 2245 re
1804 2202 1887 2244 ne
1935 2183 2187 2244 senten-

31 2304 39 2338 ;
157 2272 286 2335 tias
353 2271 612 2354 quidem
676 2270 974 2335 diximus.
1075 2269 1407 2353 Scriptum
1472 2273 1736 2334 senatus
1797 2268 2186 2352 consultum,

33 2378 35 2409 ἑ
159 2359 332 2442 quod
397 2359 540 2422 fieri
591 2359 818 2442 vellet,
883 2358 1140 2442 attulit3
1204 2380 1333 2441 quo
1390 2359 1666 2423 recitato
1724 2357 2187 2422 auctoritatem

31 2464 129 2505 ·25
160 2448 300 2511 eius
367 2467 620 2511 summo
685 2447 900 2512 studio
966 2447 1176 2511 secuti
1238 2468 1461 2511 sumus
1518 2447 1704 2529 eique
1762 2445 2183 2528 amplissimis

157 2535 376 2600 verbis
438 2556 557 2618 per
620 2539 883 2599 senatus
939 2525 1313 2599 consulffim
1368 2535 1615 2620 gratias
1673 2534 1942 2620 egimus,
2042 2531 2185 2596 Lux

159 2623 478 2707 quaedam
523 2622 863 2688 videbatur
909 2623 1132 2688 oblata
1166 2645 1300 2688 non
1335 2624 1525 2687 modo
1566 2643 1787 2708 regno,
1835 2622 2008 2704 quod
2044 2642 2184 2705 per-

164 2713 520 2776 tuleramus
529 2762 547 2795 ,
595 2711 707 2776 ned
753 2713 952 2776 etiam
997 2711 1182 2796 regni
1229 2711 1467 2775 timore
1515 2711 1805 2794 sublato,
1852 2730 2186 2794 magnum-

161 2821 286 2884 que
344 2800 582 2885 pignus
642 2801 727 2864 ab
791 2821 866 2864 eo
931 2799 1025 2863 rei
1089 2798 1388 2882 publicae
1455 2800 1706 2883 datum,
1778 2819 1847 2862 se
1912 2797 2186 2861 liberam

73 2908 131 2948 ³0
160 2888 494 2953 civitatem
532 2909 672 2952 esse
710 2889 893 2972 velle,
930 2910 1076 2952 cum
1113 2888 1453 2952 dictatoris
1489 2909 1744 2970 nomen,
1784 2885 1955 2968 quod
1994 2905 2183 2966 saepe

158 2977 407 3040 iustum
451 2976 702 3060 fuisset,
747 2980 1017 3060 propter
1061 2979 1412 3059 perpetuae
1460 2975 1819 3040 dictaturae
1858 2976 2185 3040 recentem

157 3065 540 3129 memoriam
592 3065 887 3129 funditus
943 3087 1022 3129 ex
1075 3087 1144 3129 re
1197 3064 1462 3146 publica
1516 3063 1907 3128 sustulisset.
1997 3058 2183 3124 Libe·
2202 3073 2235 3123 5

158 3157 340 3218 ratus
375 3154 666 3236 periculo
705 3153 918 3236 caedis
955 3153 1178 3236 paucis
1215 3156 1369 3235 post
1398 3152 1625 3216 diebus
1654 3153 1945 3228 senatus3
1981 3170 2183 3212 uncus

157 3244 458 3325 inpactus
497 3246 598 3306 est
632 3241 915 3325 fugitivo
953 3242 1069 3322 illi,
1109 3241 1220 3324 qui
1257 3240 1327 3304 in
1363 3239 1533 3304 Mari
1568 3261 1806 3303 nomen
1836 3241 2182 3302 invaserat.

73 3348 127 3388 35
159 3330 376 3413 Atque
413 3330 575 3393 haec
613 3329 834 3392 omnia
871 3330 1301 3393 communiter
1342 3351 1490 3393 cum
1518 3329 1797 3412 collega3
1834 3326 1961 3390 alia
1988 3347 2183 3409 porro

155 3417 424 3502 propria
468 3416 877 3500 Dolabellae,
931 3437 1122 3500 quae,
1176 3417 1308 3480 nisi
1353 3417 1603 3502 collega
1648 3415 1946 3497 afuisset,
1994 3415 2182 3479 credo

158 3506 239 3569 iis
305 3505 528 3569 futura
591 3504 793 3568 fuisse
857 3505 1240 3568 communia.
1342 3503 1515 3568 Nam
1573 3527 1719 3568 cum
1773 3507 2063 3586 serperet
2115 3502 2187 3567 in

2205 2501 2248 2564 2

2204 2591 2239 2638 4
