2550 3875
389 178 522 243 562
629 177 708 231 ΙΝ
745 177 819 231 Μ.
859 176 1250 232 ANTONIUM
1289 178 1559 233 ORATIO
1596 178 2007 235 PHILIPPICA
2041 182 2189 236 XIV.

393 361 517 423 que
583 340 885 424 senserit,
948 339 1045 403 ita
1108 340 1185 403 de
1250 362 1531 424 quoque,
1594 345 1669 405 ut
1732 363 2049 426 quemque
2102 344 2423 407 meritum

287 428 816 510 (20)arbitrantur,
853 427 1244 492 existimant.
1318 427 1634 492 Memoria
1668 434 1894 504 tenent
1930 452 2032 494 me
2060 434 2212 495 ante
2242 432 2420 495 diem

391 514 558 579 XIII
609 514 934 579 Kalendas
980 514 1315 579 Ianuarias
1370 517 1727 601 principem
1773 518 2163 582 revocandae
2220 518 2419 583 liber-

393 604 554 666 tatis
599 602 817 686 fuisse,
863 624 964 667 me
1004 625 1082 667 ex
1117 603 1427 667 Kalendis
1473 604 1793 669 Ianuariis
1841 606 1921 669 ad
1964 606 2133 670 hanc
2176 607 2414 671 horam

305 709 373 757 2ο
392 690 767 775 invigilasse
813 692 907 755 rei
951 692 1266 775 publicae,
1312 713 1521 756 meam
1559 693 1822 757 domum
1868 715 2171 777 measque
2220 716 2411 759 aures
2468 714 2489 753 s

392 778 527 843 dies
567 782 918 862 noctesque
959 780 1246 843 omnium
1283 781 1645 863 praeceptis
1678 779 2073 864 monitisque
2099 783 2414 864 patuisse,

392 866 554 931 meis
589 866 851 951 litteris,
886 867 1047 931 meis
1079 867 1345 951 nuntiiS,
1382 868 1542 931 meis
1572 869 2131 933 cohortationibus
2166 891 2414 952 01111168,

395 954 505 1038 qui
569 956 808 1038 ubique
873 960 1114 1037 essent,
1179 956 1260 1018 ad
1321 956 1571 1039 patriae
1625 956 2017 1038 praesidium
2071 956 2413 1041 excitatos,

393 1043 553 1106 meis
601 1042 940 1107 sententiis
983 1065 1022 1106 a
1057 1042 1368 1107 Kalendis
1405 1043 1723 1108 Ianuariis
1759 1066 2116 1127 numquam
2151 1044 2411 1129 legatos
2514 1093 2524 1104 .

394 1130 474 1194 ad
501 1130 880 1214 Antonium,
917 1152 1171 1214 semper
1196 1132 1383 1195 illum
1408 1132 1685 1215 hostem,
1714 1154 1968 1215 semper
1994 1132 2118 1196 hoc
2145 1133 2411 1216 bellum,
2444 1154 2493 1191 10

392 1222 469 1283 ut
513 1238 654 1303 eg0,
700 1219 812 1302 qui
858 1219 1035 1284 omni
1080 1224 1371 1301 tempore
1416 1241 1603 1283 verae
1640 1220 1819 1303 pacis
1859 1223 2087 1284 auctor
2121 1219 2411 1302 fuissem,
2515 1245 2524 1254 ·

305 1324 370 1373 21
392 1305 544 1371 huic
610 1328 818 1371 essem
873 1306 1123 1371 nomini
1176 1307 1522 1390 pestiferae
1574 1308 1753 1390 pacis
1808 1306 2127 1371 inimicus,
2224 1307 2414 1371 Idem
2513 1313 2522 1322 '

392 1394 463 1458 P.
509 1393 915 1476 Ventidium,
971 1416 1118 1459 cum
1172 1396 1284 1459 alii
1329 1398 1695 1478 praetorem
1742 1394 2195 1477 [Volusenum]
2211 1446 2227 1478 ,
2282 1416 2411 1480 ego
2509 1359 2524 1460 1

394 1503 648 1565 semper
699 1482 975 1547 hostem.
1065 1481 1203 1547 Has
1257 1483 1328 1546 in
1382 1483 1737 1547 sententias
1784 1505 1959 1547 meas
2008 1482 2063 1546 si
2109 1484 2412 1547 consules
2508 1463 2521 1606 ι

393 1570 851 1634 discessionem
885 1569 1096 1635 facere
1126 1571 1501 1655 voluissent,
1538 1571 1835 1635 omnibus
1864 1571 2011 1635 istis
2041 1571 2411 1635 latronibus
2444 1593 2489 1631 15

394 1658 784 1722 auctoritate
829 1658 972 1741 ipsa
1018 1664 1281 1723 senatus
1324 1659 1457 1723 iam
1491 1658 1743 1741 pridem
1777 1659 1853 1722 de
1892 1659 2189 1722 manibus
2228 1680 2414 1722 arma

333 1744 372 1809 8
395 1745 794 1809 cecidissent.
895 1744 1046 1829 Sed,
1110 1746 1282 1830 quod
1336 1751 1479 1810 tum
1530 1768 1663 1811 non
1713 1740 1950 1829 licuit,
1987 1750 2206 1829 patres
2262 1768 2414 1810 con-

395 1833 642 1916 scripti,
685 1833 752 1897 id
795 1834 921 1899 hoc
966 1838 1256 1917 tempore
1301 1855 1434 1898 non
1478 1834 1691 1898 solum
1733 1834 1907 1918 licet,
1949 1856 2173 1897 verum
2209 1834 2412 1897 etiam

392 1944 654 1987 necesse
709 1926 835 2005 est,
899 1944 1038 2005 eos,
1101 1922 1212 2005 qui
1265 1944 1337 1987 re
1393 1925 1545 1986 sunt
1598 1922 1851 2005 hostes,
1902 1922 2118 1986 verbis
2172 1922 2411 2005 notari,

307 2029 376 2076 22
395 2011 735 2076 sententiis
779 2011 1023 2074 nostris
1068 2010 1291 2074 hostes
1335 2010 1622 2074 iudicari.
1699 2009 1915 2074 Antea
1960 2032 2107 2074 cum
2148 2009 2411 2073 hostem
2444 2033 2489 2071 20

394 2120 470 2162 ac
505 2099 769 2163 'bellum
821 2099 1285 2181 nominassem,
1342 2099 1541 2162 semel
1595 2102 1661 2162 et
1716 2098 1972 2181 saepius
2018 2097 2414 2161 sententiam
2537 2121 2538 2140 ³

395 2208 605 2249 meam
659 2187 737 2249 de
790 2207 1058 2250 numero
1114 2186 1583 2250 sententiarum
1638 2186 2067 2268 sustulerunt,
2121 2185 2297 2268 quod
2342 2185 2415 2248 in

393 2273 516 2337 hac
571 2295 764 2337 causa
816 2274 949 2336 iam
1002 2273 1143 2336 fieri
1186 2296 1319 2338 non
1361 2277 1599 2356 potest.
1687 2273 1790 2336 Ex
1833 2273 2073 2336 litteris
2120 2273 2294 2336 enim
2342 2271 2411 2337 C.

395 2359 646 2424 Pansae
700 2361 780 2424 A.
824 2361 1003 2424 Hirti
1059 2360 1424 2444 consulum,
1478 2359 1547 2426 O.
1584 2359 1879 2426 Caesaris
1934 2382 2054 2443 pro
2107 2365 2412 2443 praetore

395 2448 471 2512 de
529 2448 774 2513 honore
828 2449 927 2512 dis
981 2448 1439 2512 inmortalibus
1492 2449 1789 2512 habendo
1847 2448 2199 2512 sententias
2256 2448 2413 2512 dici-
2442 2473 2487 2511 25

393 2558 556 2600 111118.
659 2534 1211 2618 Supplicationem
1272 2536 1464 2600 modo
1532 2537 1643 2618 qui
1697 2536 2007 2618 decrevit,
2069 2535 2241 2600 idem
2294 2535 2417 2600 im-

394 2625 672 2707 prudens
709 2623 932 2688 hostes
969 2623 1305 2710 iudicavit3
1338 2645 1691 2706 numquam
1729 2623 1900 2688 enim
1934 2623 2005 2686 in
2033 2622 2206 2687 civili
2233 2623 2415 2688 bello

397 2713 785 2796 supplicatio
853 2712 1108 2775 decreta
1161 2716 1279 2776 est.
1377 2709 1721 2776 Deci-etam
1776 2711 1947 2794 dico;
2006 2731 2086 2774 ne
2140 2711 2416 2774 victoris

307 2819 375 2867 23
397 2801 658 2883 quidem
718 2799 960 2863 litteris
1023 2800 1357 2882 postulata
1411 2802 1526 2862 est.
1626 2797 1829 2864 Civile
1882 2797 2129 2862 bellum
2184 2799 2416 2862 consul
2537 2827 2538 2850 1

399 2887 581 2952 Sulla
619 2888 842 2972 gessit,
877 2887 1244 2972 legionibus
1282 2887 1352 2950 in
1385 2887 1615 2951 urbem
1643 2885 1952 2969 adductis,
1993 2907 2154 2969 quos
2183 2885 2417 2970 voluit,
2444 2910 2483 2948 so

395 2977 661 3059 expulit,
690 2996 851 3057 quos
880 2975 1113 3058 potuit,
1141 2974 1405 3059 occidit,
1434 2974 1922 3057 supplicationis
1952 2973 2194 3037 mentio
2213 2973 2418 3036 nulla.

399 3061 606 3127 Grave
661 3063 906 3126 bellum
953 3062 1383 3128 Octavianum
1434 3062 1795 3126 insecutum
1842 3065 1965 3144 est3
2019 3061 2417 3144 supplicatio

399 3150 694 3231 [Cinnae]
759 3149 940 3215 nulla
1002 3150 1254 3215 victori.
1353 3148 1593 3215 Cinnae
1657 3149 1999 3214 victoriam
2055 3148 2421 3231 imperator
2537 3161 2538 3206 1

395 3239 574 3302 ultus
638 3242 738 3302 est
795 3236 1002 3322 Sulla,
1063 3237 1244 3301 nulla
1308 3238 1695 3321 supplicatio
1762 3237 2017 3301 decreta
2070 3258 2110 3299 a
2166 3240 2417 3300 senatu.

394 3324 501 3389 Ad
545 3329 611 3390 te
652 3326 885 3408 ipsum,
931 3325 1001 3390 P.
1041 3323 1292 3408 Servili,
1336 3346 1493 3388 1111111
1530 3325 1712 3389 misit
1747 3324 1915 3388 ullas
1954 3324 2205 3408 collega
2239 3323 2418 3387 litte-
2444 3345 2477 3386 s
2537 3393 2538 3400 ¹

397 3432 502 3474 ras
557 3413 635 3476 de
690 3412 804 3474 illa
851 3412 1416 3476 calamitosissima
1458 3433 1680 3497 pugna
1724 3411 2090 3494 Pharsalia,
2142 3433 2303 3474 num
2349 3415 2419 3474 te

397 3497 474 3560 de
523 3498 993 3576 supplicatione
1030 3500 1238 3564 voluit
1283 3499 1567 3564 referre?
1656 3499 1959 3564 Profecto
2004 3498 2233 3565 noluit.
2325 3497 2423 3562 At
