2550 3875
915 166 1056 221 CAP
1111 174 1287 222 s-1o
1325 174 1356 233 ς
1400 173 1623 222 19-25.
2129 168 2257 233 123

218 328 613 393 existimatis
668 332 735 392 et
789 328 1010 394 facitis
1067 328 1225 414 ipsi)
1282 329 1648 395 incredibili
1705 329 1986 413 quodam
2035 352 2255 396 amore

218 418 489 500 patriae,
532 416 643 500 qui
679 437 784 480 me
822 438 1007 482 amor
1044 422 1111 481 et
1149 418 1493 483 subvenire
1530 418 1692 483 olim
1726 418 2255 502 impendentibus

218 505 526 588 periculis
567 505 868 569 maximis
917 528 1065 570 cum
1111 505 1530 571 dimicatione
1579 506 1815 590 capitis
1862 510 1930 570 et
1976 527 2254 590 rursum,

220 615 367 657 cum
407 593 626 658 omnia
660 594 796 657 tela
832 594 1115 677 undique
1153 615 1297 658 esse
1338 594 1594 659 intenta
1637 594 1709 657 in
1753 594 2038 679 patriam
2085 594 2256 659 vide-

162 698 190 737 ⁵
218 704 374 764 rem,
421 681 642 745 subire
679 681 898 767 coegit
936 686 1133 765 atque
1171 682 1467 766 excipere
1503 704 1706 746 unum
1746 703 1867 766 pro
1912 682 2254 747 universis.

217 769 346 833 Hic
400 791 503 833 me
558 790 741 834 meus
797 770 868 834 in
920 792 1061 833 rem
1114 770 1447 854 publicam
1508 771 1762 835 animus
1808 770 2129 854 pristinus
2176 793 2253 835 ac

217 858 520 941 perennis
567 879 716 922 cum
761 856 832 923 C.
869 856 1148 923 Caesare
1193 858 1466 942 reducit,
1510 859 1911 942 reconciliat,
1957 860 2253 923 restituit

218 946 288 1009 in
333 946 634 1030 gratiam.
687 959 692 963 '

353 1033 540 1109 Quod
585 1033 810 1098 volent
863 1033 1140 1117 denique
1193 1034 1493 1099 homines
1541 1035 1946 1117 existiment,
2003 1036 2250 1100 nemini
2270 1048 2340 1096 24

134 1138 190 1177 1⁰
217 1143 340 1207 ego
404 1144 674 1205 possum
737 1142 880 1185 esse
943 1122 1108 1186 bene
1172 1123 1453 1187 merenti
1516 1122 1595 1186 de
1659 1144 1728 1187 re
1792 1122 2057 1206 publica
2118 1145 2251 1188 non

217 1210 480 1275 amicus.
571 1209 865 1294 Etenim,
918 1209 977 1273 si
1030 1210 1140 1294 iis,
1206 1211 1319 1293 qui
1372 1211 1534 1275 haec
1590 1212 1809 1275 omnia
1860 1210 2125 1275 flamma
2170 1232 2245 1275 ac
2274 1190 2359 1252 10

213 1299 388 1363 ferro
417 1298 630 1362 delere
659 1298 1023 1381 voluerunt,
1058 1319 1192 1364 non
1219 1299 1599 1364 inimicitias
1633 1299 1865 1382 solum,
1902 1300 2014 1365 sed
2045 1274 2359 1364 etiam<²4)

214 1387 463 1452 bellum
507 1385 714 1450 indixi
762 1389 958 1470 atque
1005 1386 1228 1470 intuli,
1285 1409 1433 1453 cum
1484 1387 1730 1470 partim
1775 1387 1939 1452 mihi
1982 1387 2250 1451 illorum

214 1474 591 1558 familiares,
635 1474 881 1557 partim
916 1475 1118 1539 etiam
1154 1496 1258 1538 me
1296 1474 1679 1539 defendente
1719 1476 1955 1560 capitis
1992 1475 2250 1540 iudiciis

131 1579 184 1620 15
215 1567 435 1627 essent
489 1562 779 1645 liberati,
844 1585 960 1627 cur
1015 1563 1240 1627 eadem
1295 1584 1398 1627 res
1451 1564 1742 1648 publica,
1803 1586 1967 1647 quae
2021 1585 2125 1628 me
2180 1564 2251 1627 in

213 1651 459 1716 amicos
488 1650 892 1716 inflammare
928 1651 1168 1735 potuit,
1204 1651 1489 1716 inimicis
1524 1652 1787 1735 placare
1822 1674 1958 1717 non
1991 1652 2250 1737 possit?

217 1739 405 1815 Quod
450 1738 614 1803 mihi
661 1739 883 1803 odium
929 1762 1078 1805 cum
1123 1739 1194 1803 P.
1242 1738 1473 1805 Clodio
1518 1740 1666 1823 fuit,
1711 1740 1841 1806 nisi
1889 1740 2064 1824 quod
2108 1762 2249 1824 per-

211 1826 536 1892 niciosum
579 1826 831 1910 patriae
879 1828 1086 1892 civem
1131 1827 1271 1892 fore
1318 1828 1653 1912 putabam,
1706 1829 1819 1912 qui
1866 1828 2249 1912 turpissima

212 1915 482 1981 libidine
525 1916 827 1981 incensus
875 1917 1036 1981 duas
1081 1938 1185 1981 res
1233 1916 1702 2000 sanctissimae,
1748 1917 2135 2002 religionem
2181 1920 2249 1982 et

127 2024 183 2063 20
211 2005 622 2088 pudicitiam,
693 2027 824 2070 uno
891 2006 1132 2070 scelere
1197 2005 1559 2069 violasset?
1632 2005 1812 2070 Num
1876 2009 1979 2070 est
2042 2007 2250 2091 igitur

211 2093 486 2157 dubium
548 2115 627 2158 ex
691 2093 775 2158 iis
827 2094 1026 2158 rebus
1036 2144 1053 2177 ,
1119 2114 1281 2177 quas
1346 2093 1405 2158 is
1469 2094 1609 2179 egit
1664 2095 1933 2179 agitque
1990 2094 2250 2178 cotidie,

211 2181 371 2265 quin
427 2202 550 2266 ego
606 2181 677 2245 in
720 2181 836 2245 illo
885 2181 1323 2266 oppugnando
1370 2181 1464 2246 rei
1510 2182 1810 2265 publicae
1856 2182 2006 2266 plus
2053 2203 2249 2267 quam

211 2269 350 2334 otio
413 2291 585 2352 mec,
648 2291 784 2334 non
835 2269 1002 2334 nulli
1056 2270 1128 2333 in
1181 2271 1410 2334 eodem
1465 2270 1863 2334 defendendo
1922 2293 2042 2335 suo
2098 2272 2248 2354 plus

211 2357 352 2421 otio
391 2379 588 2441 quam
626 2359 955 2422 communi
990 2358 1494 2443 prospexerint?
1561 2358 1709 2443 Ego
1756 2380 1861 2422 me
1910 2381 1949 2422 a
1986 2358 2055 2425 C.
2094 2359 2338 2424 Cae-25

125 2464 180 2505 25
211 2467 355 2509 sare
394 2446 464 2509 in
500 2467 570 2509 re
607 2445 870 2528 publica
913 2446 1298 2511 dissensisse
1336 2445 1549 2510 fateor
1594 2452 1662 2511 et
1707 2447 1989 2511 sensisse
2037 2447 2249 2512 vobis-

209 2556 386 2617 cum3
451 2534 564 2598 sed
628 2555 801 2598 nunc
863 2534 1071 2598 isdem
1134 2535 1323 2599 vobis
1388 2534 1739 2617 adsentior,
1805 2557 1955 2599 cum
2010 2535 2249 2619 quibus

210 2626 407 2685 antea
453 2621 832 2686 sentiebam.
906 2621 1046 2686 Vos
1094 2623 1287 2706 enim,
1334 2623 1415 2686 ad
1463 2645 1627 2706 quos
1674 2623 1934 2688 litteras
1981 2623 2053 2688 L.
2092 2623 2248 2688 Piso

207 2711 288 2774 de
337 2709 471 2774 suis
517 2711 711 2775 rebus
756 2733 891 2776 non
936 2711 1133 2775 audet
1184 2711 1475 2793 mittere,
1531 2712 1646 2794 qui
1696 2710 1937 2776 Gabini
1989 2712 2247 2776 litteras

208 2798 455 2883 insigni
510 2799 790 2881 quadam
843 2803 1004 2864 nota
1059 2803 1256 2882 atque
1310 2799 1676 2883 ignominia
1726 2821 1899 2864 nova
1952 2801 2248 2864 condem-

123 2905 180 2944 so
205 2886 446 2969 nastis,
511 2885 581 2952 C.
630 2885 895 2951 Caesari
961 2887 1472 2970 supplicationes
1536 2888 1915 2952 decrevistis
1973 2909 2245 2951 numero

205 2978 283 3037 ut
336 2974 584 3039 nemini
638 2997 768 3039 uno
825 2997 905 3040 ex
958 2975 1160 3060 bello,
1223 2976 1473 3040 honore
1528 2980 1605 3040 ut
1661 2977 1924 3041 omnino
1980 2975 2245 3038 nemini.

207 3061 342 3127 Cur
387 3062 595 3146 igitur
638 3067 1011 3147 exspectem
1055 3064 1388 3128 hominem
1436 3064 1739 3148 aliquem,
1787 3063 1899 3147 qui
1944 3085 2049 3127 me
2098 3084 2246 3127 cum

205 3149 324 3215 illo
380 3150 451 3214 in
504 3151 789 3235 gratiam
843 3151 1158 3216 reducat?
1222 3151 1509 3216 Reduxit
1567 3153 1724 3216 ordo
1783 3150 2244 3235 amplissimuS,

207 3242 278 3302 et
314 3239 471 3302 ordo
510 3239 586 3320 is,
634 3240 747 3323 qui
793 3244 895 3304 est
942 3244 1010 3304 et
1054 3240 1305 3322 publici
1352 3240 1609 3305 consilii
1657 3243 1725 3304 et
1770 3261 2066 3304 meorum
2114 3261 2244 3304 om-

124 3342 178 3382 85
205 3325 391 3389 nium
455 3327 879 3393 consiliorum
944 3332 1175 3392 auctor
1239 3332 1308 3391 et
1370 3329 1691 3412 princeps,
1784 3327 1923 3391 Vos
1990 3350 2245 3412 sequor,

205 3417 430 3497 patres
485 3417 868 3500 conscripti,
931 3415 1122 3481 vobis
1181 3420 1591 3501 optempero,
1650 3416 1839 3482 vobis
1895 3416 2244 3500 adsentior,

207 3501 349 3586 qui,
405 3504 714 3586 quamdiu
761 3503 830 3570 C.
879 3503 1178 3570 Caesaris
1235 3505 1510 3570 consilia
1564 3505 1635 3569 in
1679 3527 1750 3569 re
1802 3505 2067 3590 publica
2111 3527 2245 3570 non
