2550 3875
806 578 899 651 M.
959 579 1242 651 TULLI
1301 578 1805 653 CICERONIS

288 777 401 861 IN
473 777 580 861 M.
654 776 1203 863 ANTONIUM
1267 777 1649 862 ORATIO
1716 778 2327 864 PHILIPPICA

859 936 1236 1020 TERTIA
1296 935 1728 1021 DECIMA.

1009 1304 1409 1365 ARGUMEN
1412 1304 1599 1364 TUM.

433 1474 742 1541 Postquam
778 1472 1067 1541 cognitum
1106 1476 1252 1539 erat,
1300 1472 1437 1540 quid
1475 1471 1589 1538 illi,
1638 1471 1736 1541 qui
1774 1471 1849 1528 M.
1880 1470 2129 1525 Antonio
2167 1470 2324 1526 fave·

287 1541 454 1610 bant,
501 1544 705 1597 iterum
758 1542 1050 1597 mittendis
1089 1543 1297 1613 legatis
1336 1542 1606 1611 consequi
1641 1542 1879 1611 vellent,
1924 1542 2019 1597 vix
2055 1544 2172 1596 iam
2208 1541 2328 1596 ista

289 1612 505 1681 legatio
561 1614 773 1683 suscipi
827 1616 1068 1683 poterat.
1153 1614 1351 1681 Itaque
1400 1611 1457 1667 C.
1505 1615 1693 1667 Pansa
1744 1631 1874 1667 cum
1919 1612 2171 1668 exercitu
2218 1629 2324 1667 suo

289 1683 472 1737 Roma
515 1684 799 1752 profectus
849 1686 948 1738 est.
1025 1682 1160 1739 Cum
1199 1684 1377 1753 igitur
1413 1683 1625 1738 bellum
1662 1683 1816 1739 omni
1851 1684 2018 1738 modo
2054 1688 2325 1753 paratum

290 1754 594 1821 videretur,
633 1758 822 1809 tamen
855 1754 1070 1809 Antoni
1109 1756 1275 1809 amici
1315 1754 1385 1810 de
1413 1771 1554 1823 pace
1581 1755 1831 1809 nondum
1859 1754 2325 1824 desperaverunt,

291 1827 350 1879 et
395 1842 521 1879 cum
561 1824 616 1880 C.
656 1825 895 1880 Plancus
943 1828 1002 1879 et
1038 1825 1110 1880 M.
1151 1824 1395 1894 Lepidus
1446 1825 1669 1879 litteras
1717 1824 1789 1879 ad
1838 1828 2096 1879 senatum
2133 1824 2325 1879 misis-

293 1897 446 1965 sent,
501 1894 706 1964 quibus
753 1912 949 1967 pacem
988 1898 1224 1964 uterque
1263 1895 1542 1964 suaderet,
1580 1895 1666 1950 illi
1705 1895 1997 1952 occasione
2036 1895 2143 1950 hac
2182 1896 2327 1951 data

289 1985 478 2022 rursus
530 1967 599 2022 de
645 1984 784 2036 pace
822 1985 948 2022 cum
984 1967 1060 2022 M.
1099 1969 1345 2022 Antonio
1384 1983 1551 2037 agere
1588 1970 1895 2036 coeperunt
1928 1983 1995 2022 eo
2034 1967 2153 2034 die,
2206 1984 2323 2035 quo

290 2038 424 2092 illae
471 2039 698 2093 litterae
747 2056 782 2093 a
817 2038 892 2093 M.
932 2036 1177 2093 Cornuto
1223 2041 1485 2108 praetore
1532 2039 1744 2094 urbano
1780 2039 1841 2094 in
1878 2040 2079 2092 senatu
2113 2037 2323 2092 recita-

289 2107 513 2164 bantur.
610 2108 818 2164 Contra
873 2110 947 2162 M.
1005 2108 1197 2163 Cicero
1254 2109 1449 2164 eodem
1505 2125 1617 2177 quo
1674 2110 1844 2164 antea
1898 2108 2087 2163 animo
2142 2108 2320 2162 etiam

290 2195 438 2232 nunc
473 2180 612 2247 hac,
650 2196 794 2247 quae
832 2177 978 2233 infra
1018 2180 1252 2250 legitur,
1292 2181 1547 2234 oratione
1584 2196 1783 2248 pacem
1818 2178 2100 2234 dissuasit.

231 2465 264 2528 1

241 2555 264 2602 1
423 2498 484 2563 A
546 2498 868 2582 principio
924 2498 1118 2564 huius
1173 2500 1359 2583 belli,
1421 2504 1643 2584 patres
1698 2500 2078 2584 conscripti,
2142 2500 2317 2584 quod

290 2608 436 2652 cum
473 2587 694 2670 impiis
735 2588 982 2652 civibus
1022 2589 1607 2671 consceleratisque
1645 2589 2066 2673 suscepimus,
2103 2587 2318 2672 timui,

285 2696 367 2739 ne
451 2675 743 2741 condicio
819 2675 1132 2740 insidiosa
1202 2677 1384 2760 pacis
1457 2677 1785 2742 libertatis
1857 2677 2317 2760 reciperandae

287 2763 505 2829 studia
568 2763 1021 2849 restingueret.
1129 2763 1336 2828 Dulce
1410 2764 1580 2828 enim
1645 2764 1847 2828 etiam
1908 2786 2147 2829 nomen
2212 2769 2317 2830 est

283 2852 484 2937 pacis,
522 2873 625 2915 res
665 2873 816 2916 vero
854 2852 999 2936 ipsa
1037 2874 1184 2916 cum
1219 2853 1515 2936 iucunda,
1554 2857 1696 2917 tum
1734 2853 2056 2917 salutaris,
2140 2850 2315 2917 Nam
2372 2881 2397 2920 s

283 2960 403 3004 nec
475 2939 770 3023 privatos
844 2939 1025 3005 focos
1091 2962 1208 3005 nec
1271 2941 1567 3023 publicas
1632 2941 1811 3025 leges
1875 2940 2133 3006 videtur
2194 2962 2316 3006 nec

284 3026 613 3091 libertatis
677 3029 823 3092 iura
886 3050 1036 3093 cara
1089 3028 1331 3092 habere
1341 3079 1358 3112 ,
1423 3049 1614 3112 quem
1669 3029 2056 3111 discordiae,
2119 3051 2313 3112 quem

285 3115 511 3181 caedes
570 3115 833 3199 civium,
891 3138 1083 3200 quem
1137 3116 1383 3180 bellum
1440 3117 1627 3181 civile
1673 3116 1981 3202 delectat,
2036 3138 2314 3200 eumque

283 3223 363 3267 ex
415 3225 686 3274 numero
740 3204 1078 3268 hominum
1134 3204 1519 3288 eiciendum,
1576 3227 1653 3269 ex
1706 3205 1946 3269 finibus
1991 3205 2313 3270 humanae

281 3293 553 3354 naturae
602 3293 1161 3356 exterminandum
1205 3297 1385 3375 puto,
1478 3291 1727 3376 Itaque,
1774 3293 1910 3357 sive
1950 3291 2134 3358 Sulla
2174 3293 2313 3358 sive
2344 3321 2397 3359 ιο

282 3374 530 3440 Marius
597 3379 731 3442 sive
796 3383 1068 3462 uterque
1134 3379 1268 3442 sive
1326 3377 1638 3445 Octavius
1701 3380 1837 3446 sive
1904 3379 2112 3447 Cinna
2174 3382 2311 3446 sive

283 3461 522 3526 iterum
589 3462 770 3528 Sulla
834 3467 969 3530 sive
1035 3467 1204 3530 alter
1268 3465 1516 3530 Marius
1583 3471 1649 3532 et
1714 3466 1927 3533 Carbo
2000 3469 2134 3533 sive
2200 3470 2315 3549 qui
