2550 3875
791 183 944 240 cAP.
983 190 1194 240 ‘ss-25
1234 190 1264 251 5
1302 190 1531 240 62—67.
2015 184 2149 249 305

112 345 341 413 nescio
399 346 512 430 qui
565 346 643 411 de
691 346 862 411 circo
909 346 1221 431 maximo,
1276 368 1499 412 servos
1544 345 1811 411 Milonis
1859 346 2029 430 apud
2076 369 2149 412 se

115 434 336 500 ebrios
419 434 630 499 factos
713 434 842 499 sibi
914 433 1246 500 confessos
1330 456 1471 500 esse
1548 434 1627 499 de
1697 434 2147 500 interficiendo

113 522 434 607 Pompeio
483 522 875 608 coniurasse,
919 522 1070 588 dein
1112 526 1347 606 postea
1392 543 1461 588 se
1508 522 1725 609 gladio
1763 544 2146 606 percussum

115 633 264 677 esse
311 611 393 675 ab
438 631 569 675 uno
615 610 694 675 de
730 610 881 695 illis,
925 633 1007 676 ne
1043 610 1377 676 indicaret.
1457 610 1771 694 Pompeio
1808 609 1879 675 in
1913 610 2146 676 hortos

53 720 83 761 5
113 698 476 783 nuntiavit3
531 719 827 764 arcessor
868 698 940 762 in
983 698 1243 784 primis3
1290 699 1367 764 de
1414 698 1775 765 amicorum
1820 700 2148 764 sententia

112 810 259 853 rem
312 786 524 853 defert
578 787 661 851 ad
717 791 1034 852 senatum.
1123 785 1278 852 Non
1334 791 1633 870 poteram
1678 787 1749 852 in
1792 787 1972 853 illius
2018 788 2148 853 mei

111 875 499 961 patriaeque
564 874 856 941 custodis
920 878 1106 939 tanta
1169 875 1539 958 suspicione
1600 896 1738 941 non
1798 879 1980 940 metu
2044 897 2149 939 ex-

114 963 420 1047 animari,
457 962 570 1028 sed
608 962 894 1027 mirabar
929 967 1151 1037 tamen
1186 962 1362 1028 credi
1398 984 1629 1048 popae,
1674 963 2147 1029 confessionem

115 1072 456 1115 servorum
503 1050 730 1136 audiri,
773 1051 1007 1115 vulnus
1051 1050 1124 1115 in
1168 1051 1400 1135 latere,
1448 1052 1620 1137 quod
1666 1073 1785 1117 acu
1829 1055 2147 1134 punctum

48 1150 84 1190 ·⁰
115 1138 476 1223 videretur,
537 1160 657 1223 pro
718 1139 855 1203 ictu
911 1138 1296 1224 gladiatoris
1350 1138 1633 1223 probari.
1740 1137 2008 1224 Verum,
2069 1144 2147 1203 ut
2166 1148 2236 1198 66

113 1226 450 1312 intellege,
497 1227 770 1291 cavebat
814 1228 1024 1312 magis
1063 1226 1413 1311 Pompeius
1463 1249 1658 1311 quam
1700 1226 1979 1291 timebat
2012 1248 2149 1293 non

115 1336 197 1379 ea
259 1315 498 1399 solum,
564 1336 728 1398 quae
782 1315 1072 1379 timenda
1128 1318 1342 1400 erant,
1405 1316 1520 1380 sed
1574 1314 1818 1397 omnia,
1887 1337 1970 1380 ne
2025 1336 2147 1380 vos

115 1402 368 1487 aliquid
453 1401 794 1468 timeretis.
915 1402 1312 1488 oppugnata
1387 1404 1615 1468 domus
1684 1402 1754 1470 O.
1829 1402 2147 1487 Caesaris,

116 1490 471 1555 clarissimi
525 1493 593 1555 et
640 1489 988 1555 fortissimi
1033 1490 1185 1576 viri,
1238 1513 1357 1575 per
1402 1492 1644 1556 multas
1688 1491 1903 1557 noctis
1948 1491 2146 1556 horas

48 1596 85 1637 ,ο
112 1578 565 1644 nuntiabatur.
653 1576 864 1644 Nemo
912 1577 1207 1644 audierat
1251 1583 1391 1644 tam
1438 1578 1678 1644 celebri
1724 1579 1898 1663 loco,
1951 1602 2146 1645 nemo

115 1670 442 1751 senserat3
495 1669 718 1731 tamen
763 1666 1162 1732 audiebatur.
1252 1666 1408 1732 Non
1450 1672 1751 1751 poteram
1796 1630 1911 1733 Gn,w
1957 1667 2148 1732 Pom-

113 1754 368 1857 peium,
436 1755 1004 1838 praestantissima
1064 1755 1309 1820 virtute
1374 1754 1613 1841 virum,
1677 1755 1982 1821 timidum
2046 1777 2148 1820 su-

116 1842 388 1927 spicari3
442 1842 850 1928 diligentiam
907 1847 1052 1908 tota
1104 1865 1174 1908 re
1219 1843 1485 1927 publica
1530 1847 1831 1927 suscepta
1876 1843 2149 1908 nimiam

113 1930 370 1998 nullam
439 1932 773 2016 putabam.
884 1930 1444 2017 Frequentissimo
1512 1935 1744 1997 senatu
1806 1954 2014 2016 nuper
2078 1932 2149 1996 in

49 2041 86 2082 το
115 2019 452 2105 Capitolio
500 2023 765 2085 senator
809 2021 1112 2085 inventus
1160 2025 1279 2104 est,
1326 2020 1437 2105 qui
1474 2019 1789 2086 Milonem
1827 2042 1977 2084 cum
2012 2020 2147 2085 telo

113 2130 260 2174 esse
342 2109 604 2174 diceret.
722 2108 1013 2174 Nudavit
1103 2130 1172 2173 se
1245 2109 1317 2173 in
1390 2108 1802 2174 sanctissimo
1877 2109 2149 2192 templo,

114 2197 430 2281 quoniam
474 2197 616 2262 vita
661 2196 816 2262 talis
863 2201 930 2262 et
977 2196 1139 2262 civis
1175 2201 1243 2260 et
1283 2196 1405 2261 viri
1441 2197 1637 2261 fidem
1673 2217 1807 2262 non
1842 2195 2148 2281 faciebat,

112 2289 195 2350 ut
242 2306 318 2349 eo
364 2289 623 2351 tacente
669 2305 774 2349 res
818 2285 964 2369 ipsa
1007 2285 1400 2368 loqueretur.
2166 2329 2255 2395 25

256 2371 494 2437 Omnia
545 2372 714 2438 falsa
767 2377 962 2457 atque
1017 2373 1329 2437 insidiose
1383 2374 1538 2439 ficta
1594 2377 1929 2457 comperta
1976 2377 2235 2471 13111111.67

51 2480 82 2522 5
113 2460 372 2526 Verum
415 2465 637 2525 tamen
681 2460 739 2526 si
783 2461 1100 2526 metuitur
1144 2460 1344 2526 etiam
1388 2484 1558 2527 nunc
1604 2460 1796 2547 Milo,
1839 2483 1973 2526 non
2016 2462 2149 2527 iam

112 2551 248 2615 hoc
295 2548 678 2614 Clodianum
725 2550 972 2614 crimen
1016 2549 1353 2634 timemus,
1408 2549 1521 2614 sed
1566 2554 1743 2632 tuas,
1777 2512 1913 2615 Cn.
1958 2548 2149 2614 Pom-

111 2637 247 2723 pei,
294 2635 389 2722 (te
435 2637 609 2702 enim
645 2637 778 2702 iam
825 2637 1081 2723 appello
1129 2641 1197 2702 et
1240 2658 1319 2701 ea
1363 2659 1537 2721 voce,
1580 2642 1658 2702 ut
1702 2660 1806 2703 me
1845 2638 2149 2703 exaudire

111 2721 363 2811 possis)
433 2726 654 2808 [tuas,]
729 2730 905 2810 tuas,
975 2725 1272 2810 inquam,
1349 2725 1749 2809 suspiciones
1811 2725 2151 2809 perhorre-

125 2814 391 2880 scimus.
485 2811 555 2878 Si
603 2812 916 2878 Milonem
971 2813 1190 2892 times,
1245 2812 1305 2877 si
1356 2813 1530 2878 hunc
1576 2814 1655 2879 de
1701 2818 1817 2878 tua
1861 2813 1999 2877 vita
2042 2835 2149 2878 ne·

52 2923 84 2962 o
114 2901 286 2967 sarie
351 2904 464 2964 aut
526 2923 699 2966 nunc
755 2901 1046 2987 cogitare
1102 2905 1217 2965 aut
1268 2901 1575 2967 molitum
1628 2901 1978 2986 aliquando
2036 2900 2149 2986 ali-

117 2988 281 3073 quid
324 2992 547 3090 putas,
596 2989 652 3053 si
699 2989 932 3054 Italiae
979 2990 1273 3074 dilectus,
1318 2993 1396 3054 ut
1438 3012 1573 3055 non
1616 2990 1782 3055 nulli
1827 2989 2149 3071 conquisi-

115 3083 302 3142 tores
380 3076 479 3142 tui
542 3077 956 3163 dictitarunt,
1019 3078 1076 3144 si
1140 3078 1302 3143 haec
1361 3100 1567 3162 arma,
1628 3077 1685 3142 si
1739 3076 2148 3160 Capitolinae

115 3165 454 3250 cohortes,
502 3165 560 3230 si
605 3165 942 3251 excubiae,
987 3167 1047 3231 si
1090 3165 1381 3252 vigiliae,
1428 3167 1485 3232 si
1533 3129 1783 3231 delecta
1827 3165 2149 3250 iuventus,

117 3275 290 3338 quae
337 3257 525 3317 tuum
565 3275 798 3337 corpus
836 3218 1224 3338 doinumque
1264 3255 1571 3338 custodit,
1618 3257 1844 3319 contra
1879 3251 2147 3319 Milonis

52 3361 84 3402 5
114 3345 444 3425 impetum
497 3345 753 3406 armata
805 3346 907 3407 est
953 3345 1146 3427 atque
1190 3342 1310 3407 illa
1356 3343 1574 3408 omnia
1616 3341 1687 3406 in
1730 3341 1903 3407 hunc
1946 3363 2151 3406 unum

115 3429 461 3532 instituta,
517 3433 777 3515 parata,
830 3429 1085 3494 intenta
1140 3435 1321 3496 sunt.
1377 3451 1645 3532 magna·
1668 3430 1739 3495 in
1790 3429 1916 3533 hoc
1973 3434 2148 3495 certe

117 3518 224 3584 vis
298 3521 365 3582 et
426 3517 829 3583 incredibilis
893 3518 1145 3584 animus
1208 3523 1278 3584 et
1339 3541 1474 3584 non
1535 3517 1728 3583 unius
1791 3517 1916 3583 viri
1976 3519 2151 3585 vires

231 3628 344 3671 010
366 3631 432 3672 11.
459 3630 498 3673 3
1758 3627 1828 3676 20
