2550 3875
827 102 982 157 CAP.
1025 109 1231 157 13—14
1268 108 1299 169 g
1337 107 1567 157 33-38.
2085 101 2221 167 295

180 265 242 329 si
300 264 461 329 haec
515 285 650 329 non
703 264 847 329 dico
905 264 1154 328 maiora
1198 262 1464 328 fuerunt
1509 264 1580 329 in
1625 263 1854 330 Clodio
1905 286 2100 347 quam
2145 265 2219 330 in

178 352 452 435 Milone,
503 351 615 417 sed
662 351 731 415 in
775 352 890 416 illo
937 351 1237 434 maxima,
1282 352 1466 417 nulla
1509 352 1579 417 in
1622 353 1766 430 hoc,
1816 352 1971 435 quid
2014 353 2215 418 voltis

182 439 516 525 amplius?
601 438 772 516 Quid
829 440 1003 504 enim
1055 440 1305 504 odisset
1349 438 1651 505 Clodium
1696 439 1877 518 Milo,
1924 444 2216 527 segetem

183 551 264 595 ac
319 528 660 593 materiem
721 548 875 593 suae
931 528 1208 614 gloriae,
1261 531 1523 611 praeter
1566 527 1693 595 hoc
1740 528 1928 593 civile
1977 529 2215 613 odium,

111 637 145 676 5
183 638 318 701 quo
385 636 609 681 omnes
675 615 988 699 inprobos
1055 615 1353 681 odimus?
1446 614 1566 681 Ille
1632 620 1774 681 erat
1827 620 1903 682 ut
1966 617 2215 682 odisset

180 704 472 789 primum
527 702 934 769 defensorem
990 703 1223 769 salutis
1282 726 1491 787 meae,
1554 704 1783 769 deinde
1836 709 2214 771 vexatorem

179 792 447 870 furoris,
494 791 888 856 domitorem
935 813 1266 856 armorum
1309 813 1594 870 suorum,
1639 797 1974 877 postremo
2014 794 2214 858 etiam

184 883 634 946 accusatorem
681 901 898 963 suum3
943 900 1091 944 reus
1131 880 1305 944 enim
1342 879 1610 945 Milonis
1647 880 1791 966 lege
1830 880 2051 946 Plotia
2085 881 2214 945 fuit

184 967 474 1046 Clodius,
528 968 740 1051 quoad
784 967 966 1033 vixit.
1060 966 1203 1044 Quo
1249 968 1515 1033 tandem
1562 968 1780 1033 animo
1826 968 1952 1035 hoc
1997 973 2217 1054 tyran-

89 1077 151 1119 ιο
181 1078 346 1121 num
398 1056 588 1121 illum
645 1055 875 1121 tulisse
922 1055 1233 1122 creditis?
1292 1061 1610 1141 quantum
1657 1056 1878 1122 odium
1921 1056 2101 1122 illius
2148 1062 2217 1122 et

33 1162 34 1165 ’
183 1145 257 1208 in
301 1144 564 1209 homine
611 1144 858 1209 iniusto
907 1165 1103 1228 quam
1149 1144 1348 1208 etiam
1397 1145 1644 1209 iustum
1689 1144 1937 1209 fuisse?

320 1231 672 1318 Reliquum
718 1235 836 1316 est,
885 1236 961 1297 ut
1005 1233 1138 1296 iam
1183 1231 1372 1297 illum
1414 1236 1653 1298 natura
1696 1233 1905 1318 ipsius
1950 1253 2215 1298 consue·
2235 1204 2325 1343 ἐξ

184 1321 474 1403 tudoque
522 1319 843 1403 defendat,
887 1319 1060 1386 hunc
1105 1324 1327 1385 autem
1371 1320 1533 1386 haec
1575 1322 1798 1387 eadem
1836 1326 2214 1406 coarguant.

187 1407 399 1473 ‘Nihil
435 1429 553 1492 per
589 1408 723 1472 vim
759 1429 1067 1492 umquam
1102 1406 1391 1494 Clodius,
1437 1409 1655 1473 omnia
1689 1431 1805 1494 per
1842 1410 1976 1474 vim
2012 1408 2216 1474 Milo?

95 1516 157 1557 ιε’»
190 1496 407 1573 Quid?
455 1516 597 1581 ego,
641 1496 905 1581 iudices,
948 1518 1094 1561 cum
1131 1496 1573 1562 maerentibus
1610 1498 1796 1563 vobis
1833 1499 1994 1563 urbe
2034 1498 2218 1581 cessi,

187 1584 584 1649 iudiciumne
638 1584 857 1669 timui,
913 1604 1047 1649 non
1101 1606 1349 1669 servos,
1402 1607 1536 1650 non
1590 1607 1797 1670 arma,
1851 1607 1984 1651 non
2037 1586 2216 1651 vim?

191 1673 374 1749 Quae
428 1672 665 1737 fuisset
717 1672 924 1757 igitur
977 1673 1154 1737 iusta
1205 1693 1399 1737 causa
1442 1673 1831 1739 restituendi
1878 1674 2034 1757 mei,
2087 1673 2218 1738 nisi

187 1761 424 1825 fuisset
479 1760 725 1825 iniusta
774 1760 1089 1825 eiciendi?
1171 1759 1365 1826 Diem
1420 1761 1610 1844 mihi,
1672 1762 1889 1847 credo,
1946 1762 2217 1847 dixerat,

188 1848 466 1914 multam
521 1849 873 1934 irrogarat,
935 1848 1258 1914 actionem
1312 1849 1774 1933 perduellionis
1827 1849 2217 1933 intenderat,

96 1941 167 2000 20'
191 1943 260 2003 et
305 1936 468 2002 mihi
513 1938 814 2003 videlicet
859 1938 931 2003 in
975 1959 1170 2002 causa
1216 1943 1331 2001 aut
1376 1938 1550 2004 mala
1595 1943 1710 2003 aut
1753 1960 1923 2022 mea,
1968 1960 2104 2003 non
2149 1943 2219 2002 et

185 2025 709 2111 praeclarissima
745 2030 812 2090 et
848 2030 1088 2110 vestra,
1123 2025 1437 2090 iudicium
1473 2026 1833 2091 timendum
1870 2025 2015 2090 fuit.
2074 2024 2218 2090 Ser—

186 2136 419 2180 vorum
483 2118 551 2178 et
614 2114 947 2200 egentium
1011 2114 1252 2179 civium
1317 2118 1385 2178 et
1442 2113 1962 2179 facinerosorum
2016 2115 2217 2179 armis

190 2224 369 2267 meos
434 2203 605 2267 cives
670 2203 833 2266 meis
899 2202 1190 2267 consiliis
1253 2202 1687 2287 periculisque
1744 2206 2037 2267 servatos
2092 2223 2213 2286 pro

190 2312 294 2354 me
333 2290 505 2354 obici
540 2290 738 2354 nolui.
801 2289 948 2354 Vidi
984 2290 1174 2373 enim,
1211 2291 1346 2354 vidi
1372 2289 1545 2355 hunc
1572 2291 1790 2374 ipsum
1821 2290 1895 2366 Q.
1932 2289 2213 2354 Horten·
2234 2304 2301 2354 37

99 2397 163 2439 85
196 2379 381 2461 sium,
426 2378 646 2443 lumen
690 2382 758 2444 et
795 2383 1249 2443 ornamentum
1287 2378 1382 2442 rei
1418 2379 1735 2463 publicae,
1780 2400 1983 2462 paene
2022 2379 2217 2443 inter-

191 2466 299 2531 fici
347 2486 682 2531 servorum
727 2488 950 2550 manu,
997 2488 1145 2531 cum
1190 2465 1355 2530 mihi
1402 2466 1685 2551 adesset3
1732 2488 1861 2550 qua
1906 2467 1976 2530 in
2021 2467 2218 2531 turba

192 2553 264 2621 O.
308 2553 628 2619 Vibienus
677 2558 958 2638 senator,
1002 2554 1103 2618 vir
1149 2554 1457 2639 optimuS,
1504 2576 1652 2619 cum
1696 2556 1823 2620 hoc
1859 2576 2007 2620 cum
2045 2558 2218 2618 esset

188 2663 345 2727 una,
409 2642 506 2706 ita
567 2647 669 2707 est
730 2643 1080 2725 mulcatus,
1152 2645 1229 2706 ut
1293 2642 1500 2706 vitam
1564 2643 1875 2708 amiserit.
1985 2640 2218 2725 Itaque

194 2730 449 2814 quando
505 2729 683 2794 illius
730 2735 960 2814 postea
1005 2731 1142 2796 sica
1186 2729 1327 2809 illa,
1385 2753 1581 2814 quam
1628 2753 1668 2795 a
1714 2729 1999 2796 Catilina
2044 2750 2219 2794 acce-

104 2839 168 2881 so
195 2822 398 2902 perat,
445 2818 860 2901 conquievit?
922 2817 1104 2884 Haec
1148 2818 1475 2884 intentata
1508 2819 1701 2884 nobis
1739 2821 1858 2903 est,
1903 2816 2057 2882 huic
2093 2839 2217 2902 ego

193 2925 310 2971 vos
347 2905 521 2972 obici
555 2928 675 2991 pro
714 2928 816 2972 me
853 2928 987 2972 non
1025 2928 1170 2972 sum
1204 2928 1455 2992 passus,
1490 2907 1652 2972 haec
1688 2905 1998 2972 insidiata
2029 2904 2219 2970 Pom-

194 2993 341 3078 peio
369 2998 490 3078 est,
525 2993 686 3060 haec
715 2995 925 3066 istam,
943 2994 1244 3081 Appiam,
1283 2996 1756 3061 monimentum
1785 2994 1885 3059 sui
1913 2992 2217 3079 nominiS,

179 3080 345 3149 'nece
392 3082 616 3167 Papiri
673 3084 1065 3168 cruentavit,
1116 3083 1277 3148 haec
1334 3083 1557 3149 eadem
1610 3085 1815 3169 longo
1869 3081 2217 3146 intervallo

196 3190 504 3236 conversa
558 3192 783 3236 rursus
838 3176 940 3236 est
993 3171 1062 3237 in
1111 3192 1244 3256 me3
1297 3193 1505 3255 nuper
1550 3170 1839 3256 quidem,
1892 3174 1969 3235 ut
2014 3170 2222 3254 scitis,

109 3279 168 3322 ³5
198 3280 298 3323 me
355 3259 436 3323 ad
490 3259 739 3344 regiam
787 3280 991 3344 paene
1039 3258 1337 3325 confecit.
1430 3259 1601 3336 Quid
1647 3259 1859 3324 simile
1904 3257 2219 3324 Milonis?
2240 3269 2311 3320 38

200 3348 380 3412 cuius
425 3347 526 3412 vis
573 3347 784 3412 omnis
819 3347 981 3414 haec
1023 3369 1279 3432 semper
1314 3347 1459 3432 fuit,
1501 3369 1584 3413 ne
1623 3347 1695 3412 P.
1742 3347 2027 3433 Clodius,
2074 3369 2220 3412 cum
2307 3342 2322 3354 ”

197 3438 266 3500 in
301 3435 612 3501 iudicium
651 3435 904 3501 detrahi
941 3458 1075 3502 non
1104 3441 1349 3523 posset,
1384 3436 1450 3501 vi
1479 3457 1858 3521 oppressam
1886 3436 2222 3502 civitatem

2156 3605 2272 3839 s
