2550 3875
304 135 435 200 164
892 132 974 186 IN
1007 132 1066 186 L.
1105 129 1435 186 PISONEM
1472 127 1764 186 ORATIO.

248 307 283 358 4
434 297 581 384 Ego
629 295 943 360 Kalendis
989 292 1314 359 Ianuariis
1371 296 1672 358 senatum
1727 296 1795 357 et
1849 293 2058 358 bonos
2111 313 2340 356 omnes

301 385 469 470 legis
526 385 821 470 agrariae
872 384 1433 465 maximarumque
1477 381 1910 466 largitionum
1953 383 2136 445 metu
2181 381 2342 444 libe-

302 474 461 539 ravi.
542 471 690 574 Ego
738 494 973 574 agrum
1019 470 1443 555 Campanum,
1495 471 1554 534 si
1599 469 1802 534 dividi
1845 491 1982 534 non
2027 468 2341 553 oportuit,

304 562 701 645 conservavi,
740 561 798 625 si
827 560 1138 644 oportuit,
1170 559 1556 624 melioribus
1584 557 1964 623 auctoribus
1992 556 2340 621 reservavi.

303 651 451 735 Ego
498 650 570 713 in
606 649 677 715 G.
714 649 987 713 Rabirio
1033 647 1500 733 perduellionis
1538 667 1652 711 reo
1689 664 1782 710 XL
1819 646 2008 710 annis
2047 648 2198 709 ante
2235 666 2340 709 me
2397 663 2426 704 5

306 738 640 803 consulem
696 735 1157 821 interpositam
1213 739 1479 802 senatus
1535 735 2002 800 auctoritatem
2053 734 2342 798 sustinui

308 830 539 892 contra
614 825 930 890 invidiam
1003 829 1201 909 atque
1275 823 1550 888 defendi.
1667 823 1817 908 Ego
1892 822 2342 887 adulescentes

306 914 517 979 bonos
562 916 632 978 et
674 913 909 997 fortes,
961 913 1075 977 sed
1118 934 1275 977 usos
1324 934 1401 976 ea
1447 911 1824 977 condicione
1868 910 2202 996 fortunae,
2248 913 2342 994 ut,

308 1003 367 1066 si
412 1006 631 1067 essent
676 1002 1106 1087 magistratus
1148 1001 1388 1084 adepti,
1434 1000 1531 1064 rei
1566 1000 1868 1084 publicae
1907 1002 2156 1063 statum
2193 1020 2343 1063 con-

306 1089 557 1156 vulsuri
592 1090 986 1174 viderentur,
1021 1089 1185 1154 meis
1222 1088 1606 1172 inimicitiiS,
1641 1089 1828 1153 nulla
1863 1091 2129 1152 senatus
2166 1087 2344 1151 mala
2374 1110 2428 1149 10

256 1197 289 1246 5
310 1179 529 1264 gratia
590 1179 1011 1244 comitiorum
1078 1177 1335 1241 ratione
1401 1176 1674 1261 privavi.
1772 1176 1922 1261 Ego
1978 1175 2346 1240 Antonium

309 1268 632 1352 collegam
694 1265 1001 1352 cupidum
1063 1265 1468 1350 provinciae,
1533 1265 1746 1330 multa
1808 1265 1880 1328 in
1945 1285 2016 1328 re
2079 1263 2346 1349 publica

307 1355 689 1420 molientem
758 1352 1081 1455 patientia
1154 1357 1351 1436 atque
1425 1353 1741 1437 obsequio
1806 1373 1956 1417 meo
2021 1353 2345 1437 mitigavi.

306 1443 456 1529 Ego
512 1442 921 1528 provinciam
967 1440 1253 1506 Galliam
1299 1445 1564 1506 senatus
1611 1441 2008 1506 auctoritate
2057 1441 2346 1504 exercitu

310 1536 378 1595 et
412 1531 689 1615 pecunia
723 1530 1117 1595 instructam
1154 1534 1221 1594 et
1260 1533 1579 1614 ornatam,
1625 1550 1827 1614 quam
1863 1550 2012 1594 cum
2049 1529 2342 1594 Antonio
2373 1552 2426 1593 15

310 1619 724 1703 commutavi,
764 1618 937 1701 quod
972 1619 1070 1682 ita
1101 1618 1561 1683 existimabam
1588 1621 1890 1702 tempora
1916 1617 2013 1682 rei
2039 1617 2344 1700 publicae

308 1706 497 1791 ferre,
542 1707 613 1771 in
659 1707 963 1772 contione
1001 1706 1273 1790 deposui
1311 1707 1705 1771 reclamante
1742 1706 1988 1791 populo
2026 1705 2346 1771 Romarm.

309 1795 457 1880 Ego
487 1792 560 1859 L.
587 1793 944 1861 Catilinam
982 1795 1245 1859 caedem
1281 1799 1567 1879 senatus,
1610 1795 1957 1860 interitum
1991 1794 2176 1858 urbis
2212 1816 2348 1860 non

312 1883 614 1969 obscure,
668 1883 785 1949 sed
836 1883 1057 1968 palam
1109 1883 1492 1949 molientem
1548 1883 1771 1970 egredi
1826 1905 1907 1949 ex
1956 1882 2118 1948 urbe
2162 1882 2345 1968 iussi,

309 1975 403 2057 ut,
450 1993 490 2036 a
536 1992 664 2056 quo
710 1972 971 2057 legibus
1015 1993 1151 2037 non
1193 1976 1592 2057 poteramus,
1639 1972 1982 2037 moenibus
2024 1972 2163 2035 tuti
2203 1993 2346 2036 esse
2374 1996 2429 2035 20

309 2082 669 2145 possemus.
759 2060 908 2146 Ego
965 2060 1101 2125 tela
1154 2063 1445 2126 extremo
1501 2082 1724 2126 mense
1782 2060 2161 2126 consulatus
2213 2060 2346 2126 mei

309 2150 567 2213 intenta
601 2148 847 2234 iugulis
886 2148 1177 2215 civitatis
1216 2149 1296 2213 de
1329 2148 1819 2215 coniuratorum
1843 2148 2114 2213 nefariis
2141 2148 2347 2213 mani-

311 2237 437 2302 bus
492 2238 757 2303 extorsi.
838 2237 987 2322 Ego
1036 2236 1212 2305 faces
1259 2238 1396 2302 iam
1439 2259 1744 2303 accensas
1791 2237 1876 2302 ad
1918 2237 2116 2302 huius
2159 2236 2346 2302 urbis

248 2299 291 2363 3
312 2325 684 2390 incendium
704 2324 1182 2411 comprehendi,
1200 2325 1466 2410 protuli,
1487 2326 1786 2391 exstinxi.
1828 2324 1937 2390 Me
1957 2324 2032 2401 Q.
2053 2323 2345 2409 Catulus,

260 2392 292 2439 ⁰
309 2413 615 2498 princeps
640 2412 837 2478 huius
867 2414 1113 2479 ordinis
1142 2418 1209 2478 et
1230 2418 1461 2479 auctor
1477 2413 1728 2498 publici
1747 2414 2024 2497 consilii,
2049 2413 2347 2496 frequen-
2374 2436 2428 2478 25

311 2501 573 2566 tissimo
618 2505 851 2566 senatu
893 2506 1235 2587 parentem
1278 2502 1534 2586 patriae
1577 2502 1961 2567 nominavit.
2033 2500 2202 2566 Mihi
2238 2501 2348 2566 1110

310 2589 415 2654 111
459 2588 890 2673 clarissimus,
947 2591 1061 2674 qui
1105 2594 1379 2674 propter
1421 2593 1490 2655 te
1538 2590 1747 2675 sedet,
1791 2588 1865 2655 L.
1915 2588 2193 2674 Gellius,
2240 2588 2346 2654 his

312 2678 727 2743 audientibus
767 2641 1039 2743 civicam
1077 2700 1390 2744 coronam
1426 2678 1648 2743 deberi
1685 2699 1725 2742 a
1760 2699 1831 2744 16
1866 2678 2134 2763 publica
2162 2641 2348 2741 dixit.

311 2766 480 2831 Mihi
524 2769 758 2868 togato
806 2770 1071 2831 senatus
1115 2788 1251 2831 non
1287 2770 1365 2832 ut
1398 2766 1625 2832 multis
1663 2766 1828 2831 benc
1865 2770 2074 2851 gesta,
2121 2766 2236 2830 sed
2271 2769 2349 2830 ut

309 2854 557 2920 nemini
601 2858 989 2920 conservata
1033 2875 1103 2919 re
1149 2854 1418 2939 publica
1462 2855 1781 2940 singulari
1827 2875 2064 2940 genere
2103 2854 2429 2938 suppli-31.

313 2943 592 3008 cationis
646 2941 917 3007 deorum
969 2943 1421 3008 inmortalium
1475 2944 1726 3027 templa
1773 2942 2104 3027 patefecit.
2196 2942 2346 3027 Ego

314 3053 463 3097 cum
517 3031 589 3095 in
643 3031 946 3095 contione
1000 3030 1229 3096 abiens
1285 3031 1684 3117 magistratu
1729 3031 1942 3096 dicere
1989 3054 2030 3095 a
2074 3030 2346 3096 tribuno

311 3118 401 3203 pl.
453 3118 865 3204 prohiberer,
920 3140 1087 3202 quae
1137 3122 1634 3205 constitueram,
1691 3121 2024 3204 cum[que]
2074 3119 2131 3183 is
2179 3119 2348 3183 mihi

312 3210 574 3271 tantum
617 3206 830 3291 mod0,
874 3206 1007 3270 ut
985 3229 1290 3293 iurarem,
1335 3209 1765 3293 permitteret,
1811 3207 1951 3273 sine
1988 3208 2128 3271 ulla
2163 3207 2349 3272 dubi-

312 3294 567 3358 tatione
620 3294 832 3359 iuravi
886 3316 1026 3360 rem
1079 3296 1414 3379 publicam
1465 3300 1662 3380 atque
1705 3296 1877 3360 hanc
1921 3296 2153 3361 urbem
2199 3318 2348 3361 mea
2375 3320 2428 3361 3⁵

262 3398 293 3447 ’1
314 3381 507 3445 11111116
554 3403 753 3465 opera
796 3402 940 3447 esse
980 3382 1245 3448 salvam.
1311 3382 1480 3473 Mihi
1495 3384 1798 3484 ‘populus
1833 3383 2169 3449 Romanus
2207 3384 2350 3448 11111-

316 3490 541 3533 1616116
596 3470 714 3533 illa
755 3470 829 3534 in
874 3470 1175 3536 contione
1219 3464 1358 3536 11011
1399 3471 1594 3537 11111116
1639 3471 1769 3537 diei
1814 3471 2350 3557 gratulationem.
