2550 3875
324 176 459 241 294
761 173 900 228 PRO
939 171 1001 226 Τ.
1039 169 1272 225 ANNIO
1312 169 1593 225 MILONE
1630 167 1918 226 ORATIO.

325 337 507 404 ‘Etsi
588 336 747 401 boni
826 357 909 399 ne
989 354 1229 420 magno
1307 333 1569 417 quidem
1641 330 2081 396 emolumento
2152 331 2369 415 inpel-

324 427 549 490 luntur
613 425 695 490 ad
755 423 1078 507 fraudem,
1139 421 1427 506 improbi
1480 441 1671 504 saepe
1723 418 1968 504 parvo?
2068 418 2153 502 (p.
2202 423 2366 485 292.

323 510 438 599 37)
512 513 756 578 Deinde
825 513 1029 594 ipsam
1097 512 1351 594 specim
1418 509 1697 574 adsumit
1759 528 1877 590 per
1944 507 2364 590 confirmatio-

324 622 497 667 nem:
573 599 843 666 ‘Habuit
910 604 1116 664 autem
1185 616 1408 663 causas
1470 593 1763 662 Clodius?
1870 595 2063 661 Hanc
2132 615 2364 662 rursus
2536 643 2545 651 ·

326 690 815 772 adsumptionem
857 688 1070 752 multis
1111 685 1457 752 rationihus
1498 683 1832 767 adprobat,·
1866 688 2175 766 postremo
2219 704 2362 749 eon-
2420 699 2450 740 ⁶

327 778 550 842 cludit:
621 775 638 804 ‘
652 775 884 857 Quare,
945 777 1004 841 si
1065 774 1278 840 habuit
1331 793 1552 840 causas
1606 771 1886 850 Clodius,
1946 777 2022 837 ut
2070 773 2365 838 occideret

327 865 648 944 Milonem,
693 867 930 929 constat
973 864 1397 930 insidiatorem
1427 860 1664 943 fuisse?
1747 857 2075 946 (Victorin.
2100 881 2169 944 p.
2204 865 2361 926 246.

331 958 372 1018 7
415 958 537 1018 Ha.
661 1001 668 1008 .

243 1062 312 1111 34
462 951 776 1124 Agdistis,
833 1041 1088 1123 iudices,
1141 1043 1445 1121 quantum
1497 1036 1677 1104 Clodi
1728 1035 2090 1102 interfuerit
2147 1035 2361 1102 occidi

329 1128 671 1215 Milonem3
709 1128 1068 1194 convertite
1108 1128 1360 1192 animos
1394 1148 1568 1192 nunc
1594 1125 1885 1191 vicissim
1914 1126 1994 1190 ad
2020 1123 2358 1190 Milonem.
2391 1143 2447 1182 ιο

333 1216 502 1294 Quid
555 1217 822 1282 Milonis
877 1217 1195 1280 intererat
1245 1215 1527 1280 interfici
1574 1213 1920 1281 Clodium?
1976 1213 2133 1297 quid
2194 1218 2360 1296 erat,

331 1328 445 1370 cur
470 1305 634 1370 Milo
661 1327 796 1370 non
825 1304 1034 1368 dicam
1065 1303 1461 1386 admitteret,
1500 1301 1613 1367 sed
1641 1301 1947 1386 optaret?
2003 1300 2361 1366 ‘Obstabat

329 1394 400 1458 in
446 1415 559 1478 spe
606 1393 982 1458 consulatus
1019 1390 1253 1471 Miloni
1291 1389 1596 1458 Clodius?
1688 1389 1783 1455 At
1826 1411 1903 1455 eo
1947 1393 2359 1474 repugnante

329 1481 548 1565 fiebat,
583 1481 786 1545 immo
823 1501 977 1546 vero
1015 1501 1092 1544 eo
1130 1479 1333 1544 fiebat
1368 1479 1598 1565 magis,
1634 1499 1753 1543 nec
1790 1500 1893 1542 me
1923 1477 2359 1564 suffragatore

334 1569 600 1634 meliore
662 1568 974 1632 utebatur
1036 1589 1233 1651 quam
1288 1566 1535 1632 Clodio.
1635 1565 1922 1631 Valebat
1985 1566 2155 1650 apud
2219 1587 2359 1651 vos,
2391 1583 2441 1624 1⁵

331 1656 596 1740 iudices,
638 1655 906 1721 Milonis
952 1676 1111 1741 erga
1156 1677 1259 1720 me
1301 1675 1567 1738 remque
1602 1655 1934 1739 publicam
1970 1654 2361 1719 meritorum

336 1745 664 1823 memoria,
711 1744 1018 1809 valebant
1062 1764 1287 1828 preces
1334 1747 1403 1808 et
1443 1743 1752 1808 lacrimae
1788 1745 2071 1821 nostrae,
2119 1741 2359 1828 quibus

335 1853 458 1918 ego
497 1836 640 1897 tum
676 1853 793 1897 vos
831 1831 1106 1897 mirifice
1135 1831 1383 1896 moveri
1410 1831 1789 1914 sentiebam,
1827 1831 1939 1896 sed
1966 1832 2115 1915 plus
2144 1830 2358 1896 multo

332 1920 594 1987 valebat
647 1920 1082 2005 periculorum
1127 1920 1618 2005 inpendentium
1661 1920 1879 1985 timor.
1974 1918 2135 1995 Quis
2182 1920 2360 1990 enim

335 2014 476 2074 erat
524 2010 780 2093 civium,
828 2010 941 2093 qui
984 2008 1110 2074 sibi
1149 2009 1434 2074 solutam
1470 2008 1541 2074 P.
1580 2007 1767 2075 Clodi
1802 2012 2179 2093 praeturam
2218 2008 2357 2073 sine
2387 2026 2440 2065 20

334 2098 618 2163 maximo
675 2118 895 2161 rerum
946 2118 1262 2162 novarum
1307 2101 1487 2163 metu
1531 2097 1970 2182 proponeret?
2054 2095 2360 2162 Solutam

337 2189 557 2250 autem
608 2184 750 2249 fore
802 2181 1152 2271 videbatis,
1205 2185 1336 2250 nisi
1392 2189 1565 2250 esset
1618 2186 1676 2249 is
1733 2186 1987 2269 consul,
2043 2184 2157 2268 qui
2213 2206 2358 2250 eam

337 2272 603 2337 auderet
647 2277 997 2356 possetque
1046 2272 1509 2359 constringere.
1580 2272 1752 2338 Eum
1795 2272 2109 2338 Milonem
2152 2295 2360 2339 unum

337 2381 478 2425 esse
535 2381 683 2425 cum
737 2361 1012 2426 sentiret
1065 2362 1405 2426 universus
1458 2362 1737 2445 populus
1789 2360 2150 2439 Romanus,
2209 2362 2357 2445 quis

335 2447 665 2513 dubitaret
704 2449 1014 2535 suffragio
1053 2471 1170 2514 suo
1210 2472 1278 2514 se
1307 2454 1506 2533 metu,
1541 2449 1830 2533 periculo
1859 2471 1998 2515 rem
2023 2449 2359 2534 publicam
2386 2466 2438 2506 25

197 2602 200 2605 ,
333 2536 656 2601 liberare?
736 2535 831 2602 At
866 2558 1056 2620 nunc,
1103 2536 1333 2604 Clodio
1369 2541 1642 2616 remoto,
1686 2537 1952 2603 usitatis
1988 2538 2122 2601 iam
2159 2538 2357 2603 rebus

335 2624 709 2688 enitendum
769 2628 871 2690 est
925 2624 1184 2711 Miloni,
1248 2629 1327 2691 ut
1380 2630 1644 2691 tueatur
1698 2626 2087 2711 dignitatem
2143 2647 2359 2711 suam3

335 2710 686 2797 singularis
722 2712 840 2777 illa
875 2717 944 2777 et
978 2713 1132 2779 huic
1167 2714 1284 2778 uni
1321 2736 1628 2779 concessa
1658 2714 1887 2800 gloria,
1926 2736 2089 2800 quae
2118 2714 2358 2779 cotidie

334 2800 698 2885 augebatur
749 2800 1127 2887 frangendis
1184 2802 1515 2867 furoribus
1565 2801 1925 2887 ClodianiS‚
1980 2803 2113 2867 iam
2166 2800 2358 2868 Clodi

333 2890 545 2952 morte
591 2888 842 2953 cecidit.
934 2888 1072 2954 Vos
1120 2889 1342 2973 adepti
1388 2891 1565 2975 estis,
1608 2913 1691 2956 ne
1738 2912 1931 2977 quem
1976 2890 2183 2956 civem
2229 2912 2359 2955 me·
2384 2906 2436 2947 ³⁰

332 2975 634 3060 tueretis3
699 2976 808 3041 hic
871 2977 1406 3043 exercitationem
1463 2978 1727 3044 virtutis
1737 3030 1755 3064 ‚
1820 2978 2359 3064 suffragationem

333 3063 736 3142 consulatus,
801 3063 1054 3129 fontem
1117 3087 1466 3149 perennem
1531 3068 1781 3153 gloriae
1848 3089 2000 3132 suae
2054 3066 2358 3151 perdidit.

332 3148 564 3235 Itaque
601 3150 869 3217 Milonis
914 3154 1311 3233 consulatue,
1359 3155 1472 3241 qui
1516 3156 1664 3221 vivo
1702 3154 1934 3222 Clodio
1971 3154 2360 3221 labefactari

328 3257 464 3300 non
525 3242 814 3324 poterat,
877 3245 1138 3307 mortuo
1204 3242 1479 3326 denique
1543 3243 1856 3328 temptari
1912 3247 2182 3328 coeptus
2238 3247 2358 3309 est.

332 3322 486 3388 Non
557 3326 750 3390 modo
823 3327 1030 3412 igitur
1100 3329 1266 3393 nihil
1340 3331 1635 3414 prodest,
1706 3332 1820 3397 sed
1893 3332 2085 3397 obest
2157 3331 2359 3397 etiam
2385 3345 2434 3388 ⁸⁵

235 3418 311 3467 85
333 3408 520 3509 ‘Ol-odi
559 3433 736 3477 mors
773 3412 1023 3479 Miloni.
1089 3416 1205 3480 ‘At
1241 3417 1451 3481 valuit
1480 3418 1716 3503 odium,
1751 3418 1911 3485 fecit
1938 3420 2165 3504 statue,
2200 3418 2361 3485 fecit

329 3517 652 3576 m1m1cus,
677 3499 806 3564 fuit
832 3503 1010 3566 ultor
1037 3502 1330 3585 iniuriae,
1356 3505 1659 3587 poenitor
1686 3507 1929 3573 doloris
1950 3506 2091 3573 sui?
2141 3506 2361 3583 Quid?
