2550 3875
397 183 526 246 352
846 180 988 234 PRO
1027 178 1222 233 REGE
1259 177 1629 234 DEIOTARO
1668 177 1953 234 ORATIO.

397 343 750 410 Caecilium
795 343 1132 425 mittebat,
1177 345 1401 405 utrum
1448 361 1709 406 causam
1756 340 1940 404 illam
1984 339 2231 404 victam
2276 362 2420 406 esse

393 433 727 498 nesciebat
782 453 865 495 an
911 429 1265 496 Caecilium
1321 430 1523 493 istum
1569 449 1881 513 magnum
1925 429 2259 493 hominem
2304 451 2422 512 pu-

396 520 628 585 tabat?
676 541 868 605 quem
913 517 1209 602 profecto
1255 517 1333 601 is,
1380 518 1492 601 qui
1536 517 1781 601 optime
1818 519 2081 581 nostros
2116 517 2419 581 homines

394 609 598 692 novit,
642 609 744 672 vel
792 606 944 691 quia
979 628 1112 671 non
1145 609 1391 688 nosset,
1434 605 1536 670 vel
1575 605 1633 669 si
1666 609 1909 688 nosset,
1954 608 2421 670 contemneret.

172 729 175 732 ·
307 708 378 756 24
397 696 600 760 Addit
683 695 880 759 etiam
961 695 1152 778 illud,
1233 694 1487 776 equites
1566 714 1699 757 non
1782 693 2067 776 optimos
2141 694 2419 758 misisse.
2471 710 2497 751 5

398 783 634 868 Crede,
697 781 962 866 Caesar,
1015 782 1180 846 nihil
1237 782 1320 845 ad
1373 786 1561 845 tuum
1618 781 2011 865 equitatum,
2066 781 2179 846 sed
2235 782 2420 846 misit

399 894 477 937 ex
522 873 633 956 iis,
680 893 842 955 quos
889 871 1149 953 habuit,
1195 871 1460 934 electos.
1546 868 1665 933 Ait
1706 869 1928 934 nescio
1974 891 2167 952 quem
2216 891 2296 934 ex
2342 893 2418 934 60

354 979 360 987 ’
395 982 666 1025 1111111610
713 981 970 1024 servum
1007 959 1382 1023 iudicatum.
1464 956 1621 1022 Non
1658 957 1961 1041 arbitror,
2004 979 2137 1022 non
2175 959 2421 1042 audivi3

401 1049 510 1112 sed
574 1048 643 1112 in
704 1069 808 1132 6ο,
873 1047 1132 1112 etiamsi
1185 1046 1557 1130 accidisset,
1622 1046 1881 1129 culpam
1937 1047 2111 1131 regis
2166 1047 2420 1111 nullam

396 1137 598 1201 fuisse
645 1135 1014 1201 arbitrarer.
2447 1153 2493 1193 ιο

335 1225 376 1289 9
530 1225 765 1290 Α116110
804 1228 1024 1288 autem
1061 1245 1102 1287 a
1135 1227 1202 1286 te
1232 1222 1450 1287 animo
1479 1221 1607 1286 fuit
1638 1245 1764 1306 quo
1794 1221 2033 1288 modo?
2099 1221 2423 1306 Speravit,

399 1313 589 1379 616ᾶο
598 1364 616 1398 ,
680 1311 978 1377 difficiles
1033 1311 1159 1375 tibi
1204 1310 1635 1376 Alexandriae
1688 1312 1828 1376 fore
1884 1311 2095 1376 exitus
2150 1315 2424 1394 propter

398 1402 740 1487 regionum
792 1405 1095 1464 naturam
1149 1403 1216 1464 et
1276 1400 1581 1464 fluminis.
1672 1398 1766 1463 At
1812 1421 1887 1464 eo
1935 1404 2229 1482 tempore
2278 1400 2421 1482 ipso

398 1489 742 1575 pecuniam
786 1487 980 1571 dedit,
1028 1487 1384 1553 exercitum
1432 1488 1612 1572 aluit,
1659 1487 1737 1572 ei,
1776 1509 1969 1571 quem
2004 1486 2204 1551 Asiae
2243 1509 2424 1571 prae-

399 1579 664 1661 feceras,
709 1577 780 1640 in
822 1576 1004 1640 nulla
1049 1597 1119 1640 re
1167 1575 1403 1659 defuit3
1449 1576 1575 1640 tibi
1620 1575 1855 1640 victori
1899 1597 2033 1640 non
2078 1575 2297 1640 solum
2342 1576 2423 1639 ad
2448 1591 2491 1632 1⁶

398 1665 786 1750 hospitium,
853 1664 965 1729 sed
1021 1664 1102 1727 ad
1154 1663 1516 1749 periculum
1572 1665 1771 1728 etiam
1827 1668 2024 1748 atque
2079 1663 2160 1728 ad
2216 1664 2425 1728 aciem

312 1772 383 1822 25
402 1757 666 1838 praesto
703 1753 850 1817 fuit.
933 1751 1242 1818 Secutum
1281 1753 1525 1817 bellum
1562 1756 1664 1816 est
1699 1751 2099 1817 Africanum.
2174 1750 2424 1817 Graves

401 1844 477 1907 de
533 1846 600 1907 te
654 1862 979 1925 rumores,
1036 1841 1149 1924 qui
1205 1840 1404 1905 etiam
1456 1840 1778 1905 furiosum
1829 1841 2022 1905 illum
2064 1839 2425 1905 Caecilium

400 1931 863 1997 excitaverunt.
965 1928 1108 2005 Quo
1164 1932 1308 1994 tum
1362 1951 1475 1994 rex
1529 1929 1746 1995 animo
1800 1928 1955 2014 fuit,
2021 1929 2134 2013 (1111
2181 1930 2425 1995 auctio-

399 2026 593 2085 natus
648 2020 737 2085 sit
791 2039 1060 2101 seseque
1117 2017 1398 2101 spoliare
1453 2018 1757 2083 maluerit
1812 2040 2010 2102 quam
2062 2014 2190 2081 tibi
2236 2040 2425 2102 pecu·
2450 2036 2500 2076 ιο

397 2110 576 2173 niam
627 2129 763 2172 non
815 2106 1357 2171 subministrare?
1456 2105 1572 2171 ‘At
1628 2106 1757 2190 eo',
1810 2106 2051 2190 inquit,
2107 2105 2427 2191 ‘tempore

400 2198 545 2280 ipso
613 2194 927 2259 Nicaeam
998 2194 1461 2278 Ephesumque
1534 2195 1871 2278 mittebat,
1945 2194 2058 2278 qui
2128 2216 2427 2259 rumores

404 2284 747 2348 Africanos
829 2282 1196 2367 exciperent
1277 2286 1346 2348 et
1424 2283 1721 2348 celeriter
1792 2282 1872 2347 ad
1946 2304 2015 2348 se
2088 2282 2429 2349 referrent.

402 2372 661 2455 Itaque,
717 2392 863 2435 cum
916 2376 1091 2436 esset
1146 2372 1206 2436 ei
1249 2371 1626 2436 nuntiatum
1670 2369 2036 2436 Domitium
2080 2370 2428 2457 naufragio

399 2461 675 2544 perisse,
729 2463 796 2523 te
840 2459 911 2524 in
957 2460 1224 2524 castello
1273 2459 1745 2545 circumsederi,
1792 2459 1869 2523 de
1914 2458 2211 2524 Domitio
2260 2460 2429 2525 dixit
2454 2474 2499 2517 2⁵

402 2570 662 2613 versum
709 2546 1030 2613 Graecum
1077 2548 1301 2613 eadem
1346 2548 1689 2627 sententia,
1736 2568 1865 2630 qua
1909 2547 2110 2611 etiam
2154 2570 2278 2613 nos
2316 2549 2430 2613 ha-

403 2637 630 2701 bemus
676 2634 1010 2700 Latinum:

491 2724 832 2788 Pereant
869 2724 1121 2806 amici,
1159 2723 1331 2788 dum
1368 2722 1676 2789 inimici
1710 2746 1863 2789 una
1896 2724 2428 2790 intercidant?

406 2812 594 2889 Quod
628 2811 758 2895 1116,
805 2810 862 2875 31
897 2816 1071 2875 esset
1107 2811 1231 2875 tibi
1267 2812 1774 2891 inimicissimus,
1809 2812 2167 2897 numquam
2202 2818 2431 2879 tamen

405 2901 703 2983 dixisset3
756 2898 896 2982 ipse
943 2899 1116 2963 enim
1161 2905 1566 2985 mansuetus,
1620 2922 1845 2965 versus
1891 2901 2193 2966 inmanis.
2304 2903 2431 2979 Qui
2456 2920 2503 2960 8⁰

405 2993 625 3054 autem
678 2986 974 3052 Domitio
1035 2991 1299 3071 poterat
1363 3010 1504 3053 esse
1565 2989 1839 3074 amicus,
1904 2990 2016 3073 qui
2071 2990 2198 3055 tibi
2256 2996 2431 3056 esset

403 3075 752 3141 inimicus?
842 3074 992 3139 Tibi
1037 3097 1232 3159 porro
1279 3076 1581 3142 inimicus
1629 3100 1744 3142 cur
1790 3082 1979 3162 esset,
2024 3099 2067 3142 a
2112 3100 2243 3163 quo
2283 3102 2431 3145 cum

403 3165 506 3229 vel
552 3162 833 3227 interfici
878 3163 1036 3227 belli
1070 3164 1215 3249 lege
1252 3166 1596 3250 potuisset,
1641 3186 1865 3251 regem
1903 3170 1969 3230 et
2006 3188 2076 3231 se
2114 3171 2183 3231 et
2219 3167 2430 3233 filium

319 3272 385 3320 26
408 3274 599 3316 suum
672 3250 1070 3315 constitutos
1145 3272 1287 3315 esse
1360 3253 1817 3319 meminisset?
1921 3253 2091 3330 Quid
2157 3255 2431 3321 deinde?

403 3338 673 3403 furcifer
719 3359 848 3421 quo
895 3337 1356 3422 progreditur?
1437 3341 1556 3405 Ait
1593 3341 1715 3407 hac
1752 3342 2009 3407 laetitia
2043 3341 2430 3410 Deiotarum
2454 3360 2498 3402 ³⁵

406 3427 652 3490 elatum
697 3426 848 3489 vino
897 3446 967 3489 se
1015 3425 1310 3489 obruisse
1355 3428 1425 3491 in
1472 3430 1895 3513 convivioque
1940 3432 2187 3496 nudum
2234 3434 2430 3498 salta-

405 3513 595 3576 visse.
688 3511 865 3586 Quae
915 3534 1072 3578 erux
1117 3512 1268 3577 huic
1315 3513 1595 3599 fugitivo
1641 3522 1865 3601 potest
1911 3520 2073 3585 satis
2121 3522 2431 3603 supplicii
