<?xml version="1.0" encoding="UTF-8"?>
<!DOCTYPE html PUBLIC "-//W3C//DTD XHTML 1.0 Transitional//EN"
    "http://www.w3.org/TR/xhtml1/DTD/xhtml1-transitional.dtd">
<html xmlns="http://www.w3.org/1999/xhtml" xml:lang="en" lang="en">
 <head>
  <title>
</title>
<meta http-equiv="Content-Type" content="text/html;charset=utf-8" />
  <meta name='ocr-system' content='tesseract 3.04.00' />
  <meta name='ocr-capabilities' content='ocr_page ocr_carea ocr_par ocr_line ocrx_word'/>
</head>
<body>
  <div class='ocr_page' id='page_1' title='image "./scriptaquaemans00mlgoog_0677.png"; bbox 0 0 2550 3875; ppageno 0'>
   <div class='ocr_carea' id='block_1_1' title="bbox 845 170 2243 255">
    <p class='ocr_par' dir='ltr' id='par_1_1' title="bbox 845 170 2243 255">
     <span class='ocr_line' id='line_1_1' title="bbox 845 170 2243 255; baseline 0.009 -32"><span class='ocrx_word' id='word_1_1' title='bbox 845 170 998 227; x_wconf 78' lang='lat' dir='ltr'><strong>GAP.</strong></span> <span class='ocrx_word' id='word_1_2' title='bbox 1037 177 1176 226; x_wconf 82' lang='lat' dir='ltr'><strong>c--9</strong></span> <span class='ocrx_word' id='word_1_3' title='bbox 1213 178 1244 237; x_wconf 68' lang='lat' dir='ltr'><strong>s</strong></span> <span class='ocrx_word' id='word_1_4' title='bbox 1286 177 1511 226; x_wconf 83' lang='lat'><strong>14—19.</strong></span> <span class='ocrx_word' id='word_1_5' title='bbox 2075 174 2201 236; x_wconf 80' lang='lat'><strong>541</strong></span> <span class='ocrx_word' id='word_1_6' title='bbox 2240 248 2243 255; x_wconf 23' lang='lat'>¹</span> 
     </span>
    </p>
   </div>
   <div class='ocr_carea' id='block_1_2' title="bbox 85 330 2351 3587">
    <p class='ocr_par' dir='ltr' id='par_1_2' title="bbox 85 330 2351 3587">
     <span class='ocr_line' id='line_1_2' title="bbox 174 330 2294 423; baseline -0.001 -24"><span class='ocrx_word' id='word_1_7' title='bbox 174 330 310 399; x_wconf 78' lang='lat' dir='ltr'><strong>Sed</strong></span> <span class='ocrx_word' id='word_1_8' title='bbox 347 331 424 397; x_wconf 84' lang='grc'><strong>111</strong></span> <span class='ocrx_word' id='word_1_9' title='bbox 462 330 564 415; x_wconf 86' lang='grc'><strong>116,</strong></span> <span class='ocrx_word' id='word_1_10' title='bbox 611 332 723 416; x_wconf 90' lang='lat' dir='ltr'><strong>qui</strong></span> <span class='ocrx_word' id='word_1_11' title='bbox 756 331 1078 397; x_wconf 87' lang='lat' dir='ltr'><strong>fortunati</strong></span> <span class='ocrx_word' id='word_1_12' title='bbox 1115 336 1286 416; x_wconf 88' lang='lat' dir='ltr'><strong>sunt,</strong></span> <span class='ocrx_word' id='word_1_13' title='bbox 1332 333 1543 419; x_wconf 88' lang='lat' dir='ltr'><strong>magis</strong></span> <span class='ocrx_word' id='word_1_14' title='bbox 1579 334 1646 398; x_wconf 91' lang='lat' dir='ltr'><strong>id</strong></span> <span class='ocrx_word' id='word_1_15' title='bbox 1684 337 1971 417; x_wconf 86' lang='lat' dir='ltr'><strong>apparet.</strong></span> <span class='ocrx_word' id='word_1_16' title='bbox 2046 334 2207 409; x_wconf 82' lang='lat' dir='ltr'><strong>Quis</strong></span> <span class='ocrx_word' id='word_1_17' title='bbox 2230 351 2294 423; x_wconf 74' lang='grc'><strong>17</strong></span> 
     </span>
     <span class='ocr_line' id='line_1_3' title="bbox 169 382 2208 506; baseline 0.001 -21"><span class='ocrx_word' id='word_1_18' title='bbox 169 382 578 485; x_wconf 82' lang='lat' dir='ltr'><strong>fortunatioi·</strong></span> <span class='ocrx_word' id='word_1_19' title='bbox 623 418 894 504; x_wconf 90' lang='lat' dir='ltr'><strong>Lepid0,</strong></span> <span class='ocrx_word' id='word_1_20' title='bbox 947 424 1024 485; x_wconf 90' lang='lat' dir='ltr'><strong>ut</strong></span> <span class='ocrx_word' id='word_1_21' title='bbox 1069 424 1218 485; x_wconf 90' lang='lat' dir='ltr'><strong>ante</strong></span> <span class='ocrx_word' id='word_1_22' title='bbox 1266 384 1426 504; x_wconf 80' lang='lat' dir='ltr'><strong>dixi,</strong></span> <span class='ocrx_word' id='word_1_23' title='bbox 1481 422 1626 506; x_wconf 89' lang='lat' dir='ltr'><strong>quis</strong></span> <span class='ocrx_word' id='word_1_24' title='bbox 1674 422 1900 487; x_wconf 90' lang='lat' dir='ltr'><strong>eodem</strong></span> <span class='ocrx_word' id='word_1_25' title='bbox 1945 422 2208 490; x_wconf 76' lang='lat' dir='ltr'><strong>sanior?</strong></span> 
     </span>
     <span class='ocr_line' id='line_1_4' title="bbox 171 507 2207 594; baseline 0.002 -23"><span class='ocrx_word' id='word_1_26' title='bbox 171 508 370 573; x_wconf 87' lang='lat' dir='ltr'><strong>Vidit</strong></span> <span class='ocrx_word' id='word_1_27' title='bbox 405 507 544 574; x_wconf 88' lang='lat' dir='ltr'><strong>eius</strong></span> <span class='ocrx_word' id='word_1_28' title='bbox 579 508 980 576; x_wconf 89' lang='lat' dir='ltr'><strong>maestitiam</strong></span> <span class='ocrx_word' id='word_1_29' title='bbox 1012 512 1210 592; x_wconf 89' lang='lat' dir='ltr'><strong>atque</strong></span> <span class='ocrx_word' id='word_1_30' title='bbox 1236 509 1538 574; x_wconf 87' lang='lat' dir='ltr'><strong>lacrimas</strong></span> <span class='ocrx_word' id='word_1_31' title='bbox 1565 511 1846 594; x_wconf 89' lang='lat' dir='ltr'><strong>populus</strong></span> <span class='ocrx_word' id='word_1_32' title='bbox 1874 510 2207 577; x_wconf 80' lang='lat' dir='ltr'><strong>Romanus</strong></span> 
     </span>
     <span class='ocr_line' id='line_1_5' title="bbox 172 596 2209 681; baseline 0 -21"><span class='ocrx_word' id='word_1_33' title='bbox 172 596 678 680; x_wconf 72' lang='lat' dir='ltr'><strong>Lupercalibus,</strong></span> <span class='ocrx_word' id='word_1_34' title='bbox 739 597 931 680; x_wconf 92' lang='lat' dir='ltr'><strong>vidit,</strong></span> <span class='ocrx_word' id='word_1_35' title='bbox 996 618 1192 681; x_wconf 87' lang='lat' dir='ltr'><strong>quam</strong></span> <span class='ocrx_word' id='word_1_36' title='bbox 1247 597 1566 681; x_wconf 87' lang='lat' dir='ltr'><strong>abiectus,</strong></span> <span class='ocrx_word' id='word_1_37' title='bbox 1622 618 1817 681; x_wconf 88' lang='lat' dir='ltr'><strong>quam</strong></span> <span class='ocrx_word' id='word_1_38' title='bbox 1874 598 2209 666; x_wconf 80' lang='lat' dir='ltr'><strong>confectus</strong></span> 
     </span>
     <span class='ocr_line' id='line_1_6' title="bbox 89 683 2211 769; baseline 0.003 -24"><span class='ocrx_word' id='word_1_39' title='bbox 89 690 140 745; x_wconf 75' lang='lat'><strong>&#39;⁶</strong></span> <span class='ocrx_word' id='word_1_40' title='bbox 173 688 371 768; x_wconf 86' lang='lat' dir='ltr'><strong>esset,</strong></span> <span class='ocrx_word' id='word_1_41' title='bbox 408 706 556 749; x_wconf 91' lang='lat' dir='ltr'><strong>cum</strong></span> <span class='ocrx_word' id='word_1_42' title='bbox 593 683 856 751; x_wconf 82' lang='lat' dir='ltr'><strong>Caesari</strong></span> <span class='ocrx_word' id='word_1_43' title='bbox 893 684 1188 751; x_wconf 89' lang='lat' dir='ltr'><strong>diadema</strong></span> <span class='ocrx_word' id='word_1_44' title='bbox 1222 686 1565 769; x_wconf 86' lang='lat' dir='ltr'><strong>imponens</strong></span> <span class='ocrx_word' id='word_1_45' title='bbox 1592 684 1920 751; x_wconf 88' lang='lat' dir='ltr'><strong>Antonius</strong></span> <span class='ocrx_word' id='word_1_46' title='bbox 1950 707 2211 754; x_wconf 81' lang='lat' dir='ltr'><strong>servum</strong></span> 
     </span>
     <span class='ocr_line' id='line_1_7' title="bbox 174 773 2209 859; baseline 0 -20"><span class='ocrx_word' id='word_1_47' title='bbox 174 795 250 839; x_wconf 89' lang='lat' dir='ltr'><strong>se</strong></span> <span class='ocrx_word' id='word_1_48' title='bbox 297 773 475 839; x_wconf 90' lang='lat' dir='ltr'><strong>illius</strong></span> <span class='ocrx_word' id='word_1_49' title='bbox 523 794 720 857; x_wconf 89' lang='lat' dir='ltr'><strong>quam</strong></span> <span class='ocrx_word' id='word_1_50' title='bbox 765 773 1086 859; x_wconf 79' lang='lat' dir='ltr'><strong>collegam</strong></span> <span class='ocrx_word' id='word_1_51' title='bbox 1126 794 1266 839; x_wconf 88' lang='lat' dir='ltr'><strong>esse</strong></span> <span class='ocrx_word' id='word_1_52' title='bbox 1307 774 1608 838; x_wconf 89' lang='lat' dir='ltr'><strong>malebat.</strong></span> <span class='ocrx_word' id='word_1_53' title='bbox 1684 774 1811 849; x_wconf 84' lang='lat' dir='ltr'><strong>Qui</strong></span> <span class='ocrx_word' id='word_1_54' title='bbox 1848 775 1905 839; x_wconf 92' lang='lat' dir='ltr'><strong>si</strong></span> <span class='ocrx_word' id='word_1_55' title='bbox 1941 775 2209 858; x_wconf 89' lang='lat' dir='ltr'><strong>reliquis</strong></span> 
     </span>
     <span class='ocr_line' id='line_1_8' title="bbox 173 861 2212 947; baseline 0.001 -22"><span class='ocrx_word' id='word_1_56' title='bbox 173 861 451 947; x_wconf 86' lang='lat' dir='ltr'><strong>flagitiis</strong></span> <span class='ocrx_word' id='word_1_57' title='bbox 517 865 584 925; x_wconf 90' lang='lat' dir='ltr'><strong>et</strong></span> <span class='ocrx_word' id='word_1_58' title='bbox 647 862 999 927; x_wconf 71' lang='lat' dir='ltr'><strong>sceleribus</strong></span> <span class='ocrx_word' id='word_1_59' title='bbox 1063 884 1132 928; x_wconf 86' lang='grc'><strong>66</strong></span> <span class='ocrx_word' id='word_1_60' title='bbox 1193 862 1520 927; x_wconf 88' lang='lat' dir='ltr'><strong>abstinere</strong></span> <span class='ocrx_word' id='word_1_61' title='bbox 1574 862 1927 946; x_wconf 86' lang='lat' dir='ltr'><strong>potuisset,</strong></span> <span class='ocrx_word' id='word_1_62' title='bbox 1990 866 2212 927; x_wconf 86' lang='lat' dir='ltr'><strong>tamen</strong></span> 
     </span>
     <span class='ocr_line' id='line_1_9' title="bbox 171 948 2212 1034; baseline 0.001 -21"><span class='ocrx_word' id='word_1_63' title='bbox 171 972 387 1028; x_wconf 87' lang='lat' dir='ltr'><strong>unum</strong></span> <span class='ocrx_word' id='word_1_64' title='bbox 430 950 514 1014; x_wconf 94' lang='lat' dir='ltr'><strong>ob</strong></span> <span class='ocrx_word' id='word_1_65' title='bbox 551 948 677 1015; x_wconf 91' lang='lat' dir='ltr'><strong>hoc</strong></span> <span class='ocrx_word' id='word_1_66' title='bbox 721 948 969 1017; x_wconf 86' lang='lat' dir='ltr'><strong>factum</strong></span> <span class='ocrx_word' id='word_1_67' title='bbox 1014 949 1286 1034; x_wconf 85' lang='lat' dir='ltr'><strong>dignum</strong></span> <span class='ocrx_word' id='word_1_68' title='bbox 1329 950 1518 1015; x_wconf 89' lang='lat' dir='ltr'><strong>illum</strong></span> <span class='ocrx_word' id='word_1_69' title='bbox 1564 950 1742 1019; x_wconf 88' lang='lat' dir='ltr'><strong>omni</strong></span> <span class='ocrx_word' id='word_1_70' title='bbox 1783 971 1993 1033; x_wconf 90' lang='lat' dir='ltr'><strong>poena</strong></span> <span class='ocrx_word' id='word_1_71' title='bbox 2026 954 2212 1034; x_wconf 87' lang='lat' dir='ltr'><strong>puta-</strong></span> 
     </span>
     <span class='ocr_line' id='line_1_10' title="bbox 176 1036 2213 1121; baseline 0.001 -18"><span class='ocrx_word' id='word_1_72' title='bbox 176 1059 338 1103; x_wconf 87' lang='lat' dir='ltr'><strong>rem.</strong></span> <span class='ocrx_word' id='word_1_73' title='bbox 428 1036 630 1120; x_wconf 89' lang='lat' dir='ltr'><strong>Nam,</strong></span> <span class='ocrx_word' id='word_1_74' title='bbox 686 1038 744 1101; x_wconf 91' lang='lat' dir='ltr'><strong>si</strong></span> <span class='ocrx_word' id='word_1_75' title='bbox 796 1038 938 1121; x_wconf 88' lang='lat' dir='ltr'><strong>ipse</strong></span> <span class='ocrx_word' id='word_1_76' title='bbox 995 1038 1235 1103; x_wconf 89' lang='lat' dir='ltr'><strong>servire</strong></span> <span class='ocrx_word' id='word_1_77' title='bbox 1289 1040 1578 1121; x_wconf 90' lang='lat' dir='ltr'><strong>poterat,</strong></span> <span class='ocrx_word' id='word_1_78' title='bbox 1630 1038 1823 1104; x_wconf 85' lang='lat' dir='ltr'><strong>nobis</strong></span> <span class='ocrx_word' id='word_1_79' title='bbox 1878 1038 2213 1106; x_wconf 80' lang='lat' dir='ltr'><strong>dominum</strong></span> 
     </span>
     <span class='ocr_line' id='line_1_11' title="bbox 85 1125 2213 1227; baseline 0 -36"><span class='ocrx_word' id='word_1_80' title='bbox 85 1144 146 1184; x_wconf 82' lang='grc' dir='ltr'><strong>ιο</strong></span> <span class='ocrx_word' id='word_1_81' title='bbox 179 1148 298 1193; x_wconf 86' lang='grc'><strong>6111·</strong></span> <span class='ocrx_word' id='word_1_82' title='bbox 332 1125 733 1227; x_wconf 78' lang='lat' dir='ltr'><strong>inponebat?</strong></span> <span class='ocrx_word' id='word_1_83' title='bbox 779 1130 864 1210; x_wconf 89' lang='lat' dir='ltr'><strong>et,</strong></span> <span class='ocrx_word' id='word_1_84' title='bbox 908 1125 967 1191; x_wconf 89' lang='lat' dir='ltr'><strong>si</strong></span> <span class='ocrx_word' id='word_1_85' title='bbox 1013 1126 1150 1190; x_wconf 89' lang='lat' dir='ltr'><strong>eius</strong></span> <span class='ocrx_word' id='word_1_86' title='bbox 1194 1126 1475 1209; x_wconf 88' lang='lat' dir='ltr'><strong>pueritia</strong></span> <span class='ocrx_word' id='word_1_87' title='bbox 1514 1126 1874 1209; x_wconf 71' lang='lat' dir='ltr'><strong>pertulerat</strong></span> <span class='ocrx_word' id='word_1_88' title='bbox 1909 1126 2213 1193; x_wconf 80' lang='lat' dir='ltr'><strong>libidines</strong></span> 
     </span>
     <span class='ocr_line' id='line_1_12' title="bbox 177 1214 2213 1298; baseline 0 -19"><span class='ocrx_word' id='word_1_89' title='bbox 177 1236 435 1298; x_wconf 90' lang='grc'><strong>6011116,</strong></span> <span class='ocrx_word' id='word_1_90' title='bbox 481 1214 594 1297; x_wconf 89' lang='grc'><strong>(1111</strong></span> <span class='ocrx_word' id='word_1_91' title='bbox 640 1217 829 1279; x_wconf 86' lang='lat' dir='ltr'><strong>erant</strong></span> <span class='ocrx_word' id='word_1_92' title='bbox 871 1214 942 1279; x_wconf 89' lang='lat' dir='ltr'><strong>in</strong></span> <span class='ocrx_word' id='word_1_93' title='bbox 987 1235 1136 1278; x_wconf 89' lang='lat' dir='ltr'><strong>eum</strong></span> <span class='ocrx_word' id='word_1_94' title='bbox 1180 1214 1461 1297; x_wconf 83' lang='lat' dir='ltr'><strong>tyranni,</strong></span> <span class='ocrx_word' id='word_1_95' title='bbox 1508 1214 1790 1281; x_wconf 77' lang='lat' dir='ltr'><strong>etiamne</strong></span> <span class='ocrx_word' id='word_1_96' title='bbox 1835 1214 1906 1277; x_wconf 91' lang='lat' dir='ltr'><strong>in</strong></span> <span class='ocrx_word' id='word_1_97' title='bbox 1948 1217 2213 1286; x_wconf 82' lang='lat' dir='ltr'><strong>nostros</strong></span> 
     </span>
     <span class='ocr_line' id='line_1_13' title="bbox 175 1300 2215 1387; baseline 0 -21"><span class='ocrx_word' id='word_1_98' title='bbox 175 1302 426 1367; x_wconf 89' lang='lat' dir='ltr'><strong>liberos</strong></span> <span class='ocrx_word' id='word_1_99' title='bbox 489 1302 823 1369; x_wconf 90' lang='lat' dir='ltr'><strong>dominum</strong></span> <span class='ocrx_word' id='word_1_100' title='bbox 886 1304 954 1367; x_wconf 90' lang='lat' dir='ltr'><strong>et</strong></span> <span class='ocrx_word' id='word_1_101' title='bbox 1009 1304 1362 1385; x_wconf 83' lang='lat' dir='ltr'><strong>tyrannum</strong></span> <span class='ocrx_word' id='word_1_102' title='bbox 1416 1302 1883 1387; x_wconf 78' lang='lat' dir='ltr'><strong>comparabat?</strong></span> <span class='ocrx_word' id='word_1_103' title='bbox 1980 1300 2215 1385; x_wconf 89' lang='lat' dir='ltr'><strong>Itaque</strong></span> 
     </span>
     <span class='ocr_line' id='line_1_14' title="bbox 176 1389 2213 1491; baseline -0 -36"><span class='ocrx_word' id='word_1_104' title='bbox 176 1391 299 1455; x_wconf 92' lang='lat' dir='ltr'><strong>illo</strong></span> <span class='ocrx_word' id='word_1_105' title='bbox 354 1389 728 1491; x_wconf 74' lang='lat' dir='ltr'><strong>interfecte,</strong></span> <span class='ocrx_word' id='word_1_106' title='bbox 784 1390 1042 1474; x_wconf 89' lang='lat' dir='ltr'><strong>qualem</strong></span> <span class='ocrx_word' id='word_1_107' title='bbox 1086 1390 1156 1455; x_wconf 91' lang='lat' dir='ltr'><strong>in</strong></span> <span class='ocrx_word' id='word_1_108' title='bbox 1198 1412 1321 1457; x_wconf 88' lang='lat' dir='ltr'><strong>nos</strong></span> <span class='ocrx_word' id='word_1_109' title='bbox 1376 1412 1524 1455; x_wconf 90' lang='lat' dir='ltr'><strong>eum</strong></span> <span class='ocrx_word' id='word_1_110' title='bbox 1572 1410 1714 1455; x_wconf 88' lang='lat' dir='ltr'><strong>esse</strong></span> <span class='ocrx_word' id='word_1_111' title='bbox 1768 1390 2004 1474; x_wconf 88' lang='lat' dir='ltr'><strong>voluit,</strong></span> <span class='ocrx_word' id='word_1_112' title='bbox 2059 1389 2213 1454; x_wconf 90' lang='lat' dir='ltr'><strong>talis</strong></span> 
     </span>
     <span class='ocr_line' id='line_1_15' title="bbox 177 1477 2301 1563; baseline -0.002 -18"><span class='ocrx_word' id='word_1_113' title='bbox 177 1480 323 1563; x_wconf 83' lang='lat' dir='ltr'><strong>ipse</strong></span> <span class='ocrx_word' id='word_1_114' title='bbox 361 1478 446 1543; x_wconf 94' lang='lat' dir='ltr'><strong>in</strong></span> <span class='ocrx_word' id='word_1_115' title='bbox 501 1481 751 1544; x_wconf 87' lang='lat' dir='ltr'><strong>ceteros</strong></span> <span class='ocrx_word' id='word_1_116' title='bbox 807 1478 1046 1545; x_wconf 84' lang='lat' dir='ltr'><strong>extitit.</strong></span> <span class='ocrx_word' id='word_1_117' title='bbox 1138 1477 1283 1554; x_wconf 83' lang='lat' dir='ltr'><strong>Qua</strong></span> <span class='ocrx_word' id='word_1_118' title='bbox 1336 1478 1510 1543; x_wconf 90' lang='lat' dir='ltr'><strong>enim</strong></span> <span class='ocrx_word' id='word_1_119' title='bbox 1561 1500 1629 1543; x_wconf 81' lang='lat' dir='ltr'><strong>m</strong></span> <span class='ocrx_word' id='word_1_120' title='bbox 1683 1477 1991 1544; x_wconf 85' lang='lat' dir='ltr'><strong>barbaria</strong></span> <span class='ocrx_word' id='word_1_121' title='bbox 2044 1478 2215 1562; x_wconf 87' lang='lat' dir='ltr'><strong>quis·</strong></span> <span class='ocrx_word' id='word_1_122' title='bbox 2238 1492 2301 1541; x_wconf 87' lang='lat'><strong>18</strong></span> 
     </span>
     <span class='ocr_line' id='line_1_16' title="bbox 92 1565 2351 1651; baseline -0 -18"><span class='ocrx_word' id='word_1_123' title='bbox 92 1584 148 1625; x_wconf 73' lang='grc'><strong>15</strong></span> <span class='ocrx_word' id='word_1_124' title='bbox 181 1588 383 1651; x_wconf 90' lang='grc'><strong>(1116111</strong></span> <span class='ocrx_word' id='word_1_125' title='bbox 426 1570 566 1633; x_wconf 87' lang='lat' dir='ltr'><strong>tam</strong></span> <span class='ocrx_word' id='word_1_126' title='bbox 610 1570 837 1650; x_wconf 82' lang='lat' dir='ltr'><strong>taeter,</strong></span> <span class='ocrx_word' id='word_1_127' title='bbox 883 1570 1024 1631; x_wconf 90' lang='lat' dir='ltr'><strong>tam</strong></span> <span class='ocrx_word' id='word_1_128' title='bbox 1069 1566 1347 1631; x_wconf 86' lang='lat' dir='ltr'><strong>crudelis</strong></span> <span class='ocrx_word' id='word_1_129' title='bbox 1395 1571 1711 1650; x_wconf 81' lang='lat' dir='ltr'><strong>tyrannus</strong></span> <span class='ocrx_word' id='word_1_130' title='bbox 1754 1588 1951 1650; x_wconf 86' lang='lat' dir='ltr'><strong>quam</strong></span> <span class='ocrx_word' id='word_1_131' title='bbox 1987 1566 2056 1629; x_wconf 93' lang='lat' dir='ltr'><strong>in</strong></span> <span class='ocrx_word' id='word_1_132' title='bbox 2091 1565 2217 1632; x_wconf 90' lang='lat' dir='ltr'><strong>hac</strong></span> <span class='ocrx_word' id='word_1_133' title='bbox 2342 1578 2351 1587; x_wconf 84' lang='lat'>&#39;</span> 
     </span>
     <span class='ocr_line' id='line_1_17' title="bbox 180 1652 2216 1738; baseline -0.001 -17"><span class='ocrx_word' id='word_1_134' title='bbox 180 1656 346 1723; x_wconf 86' lang='lat' dir='ltr'><strong>urbe</strong></span> <span class='ocrx_word' id='word_1_135' title='bbox 399 1655 600 1719; x_wconf 88' lang='lat' dir='ltr'><strong>armis</strong></span> <span class='ocrx_word' id='word_1_136' title='bbox 653 1654 1082 1719; x_wconf 87' lang='lat' dir='ltr'><strong>barbarorum</strong></span> <span class='ocrx_word' id='word_1_137' title='bbox 1137 1654 1420 1738; x_wconf 86' lang='lat' dir='ltr'><strong>stipatus</strong></span> <span class='ocrx_word' id='word_1_138' title='bbox 1458 1654 1847 1722; x_wconf 75' lang='lat' dir='ltr'><strong>Antonius?</strong></span> <span class='ocrx_word' id='word_1_139' title='bbox 1939 1652 2216 1721; x_wconf 77' lang='lat' dir='ltr'><strong>Caesare</strong></span> 
     </span>
     <span class='ocr_line' id='line_1_18' title="bbox 182 1742 2218 1827; baseline -0.001 -18"><span class='ocrx_word' id='word_1_140' title='bbox 182 1743 560 1810; x_wconf 72' lang='lat' dir='ltr'><strong>dominante</strong></span> <span class='ocrx_word' id='word_1_141' title='bbox 614 1743 1032 1809; x_wconf 79' lang='lat' dir='ltr'><strong>veniebamus</strong></span> <span class='ocrx_word' id='word_1_142' title='bbox 1087 1742 1158 1807; x_wconf 91' lang='lat' dir='ltr'><strong>in</strong></span> <span class='ocrx_word' id='word_1_143' title='bbox 1203 1746 1528 1826; x_wconf 88' lang='lat' dir='ltr'><strong>senatum,</strong></span> <span class='ocrx_word' id='word_1_144' title='bbox 1584 1743 1641 1809; x_wconf 85' lang='lat' dir='ltr'><strong>si</strong></span> <span class='ocrx_word' id='word_1_145' title='bbox 1684 1764 1819 1807; x_wconf 93' lang='lat' dir='ltr'><strong>non</strong></span> <span class='ocrx_word' id='word_1_146' title='bbox 1863 1742 2093 1827; x_wconf 87' lang='lat' dir='ltr'><strong>libere,</strong></span> <span class='ocrx_word' id='word_1_147' title='bbox 2146 1746 2218 1807; x_wconf 91' lang='lat' dir='ltr'><strong>at</strong></span> 
     </span>
     <span class='ocr_line' id='line_1_19' title="bbox 183 1827 2215 1917; baseline -0.001 -21"><span class='ocrx_word' id='word_1_148' title='bbox 183 1836 408 1897; x_wconf 86' lang='lat' dir='ltr'><strong>tamen</strong></span> <span class='ocrx_word' id='word_1_149' title='bbox 435 1834 609 1915; x_wconf 82' lang='lat' dir='ltr'><strong>tut03</strong></span> <span class='ocrx_word' id='word_1_150' title='bbox 635 1830 762 1899; x_wconf 90' lang='lat' dir='ltr'><strong>hoc</strong></span> <span class='ocrx_word' id='word_1_151' title='bbox 790 1831 1186 1914; x_wconf 86' lang='lat' dir='ltr'><strong>archipirata</strong></span> <span class='ocrx_word' id='word_1_152' title='bbox 1215 1828 1401 1917; x_wconf 88' lang='lat' dir='ltr'><strong>(quid</strong></span> <span class='ocrx_word' id='word_1_153' title='bbox 1428 1830 1599 1898; x_wconf 86' lang='lat' dir='ltr'><strong>enim</strong></span> <span class='ocrx_word' id='word_1_154' title='bbox 1622 1830 1839 1898; x_wconf 84' lang='lat' dir='ltr'><strong>dicam</strong></span> <span class='ocrx_word' id='word_1_155' title='bbox 1858 1834 2138 1914; x_wconf 83' lang='lat' dir='ltr'><strong>tyranno</strong></span> <span class='ocrx_word' id='word_1_156' title='bbox 2152 1827 2215 1914; x_wconf 74' lang='lat'><strong>‘?)</strong></span> 
     </span>
     <span class='ocr_line' id='line_1_20' title="bbox 182 1918 2218 2003; baseline -0.001 -17"><span class='ocrx_word' id='word_1_157' title='bbox 182 1920 346 1986; x_wconf 86' lang='lat' dir='ltr'><strong>haec</strong></span> <span class='ocrx_word' id='word_1_158' title='bbox 418 1918 730 1987; x_wconf 87' lang='lat' dir='ltr'><strong>subsellia</strong></span> <span class='ocrx_word' id='word_1_159' title='bbox 801 1919 884 1986; x_wconf 91' lang='lat' dir='ltr'><strong>ab</strong></span> <span class='ocrx_word' id='word_1_160' title='bbox 949 1918 1228 2003; x_wconf 83' lang='lat' dir='ltr'><strong>Ityraeis</strong></span> <span class='ocrx_word' id='word_1_161' title='bbox 1295 1919 1797 2003; x_wconf 83' lang='lat' dir='ltr'><strong>occupabantur.</strong></span> <span class='ocrx_word' id='word_1_162' title='bbox 1906 1918 2218 2003; x_wconf 89' lang='lat' dir='ltr'><strong>Prorupit</strong></span> 
     </span>
     <span class='ocr_line' id='line_1_21' title="bbox 96 2007 2218 2094; baseline -0.001 -20"><span class='ocrx_word' id='word_1_163' title='bbox 96 2027 154 2066; x_wconf 63' lang='grc' dir='ltr'><strong>»ο</strong></span> <span class='ocrx_word' id='word_1_164' title='bbox 185 2009 409 2074; x_wconf 89' lang='lat' dir='ltr'><strong>subito</strong></span> <span class='ocrx_word' id='word_1_165' title='bbox 446 2007 885 2091; x_wconf 87' lang='lat' dir='ltr'><strong>Brundisium,</strong></span> <span class='ocrx_word' id='word_1_166' title='bbox 921 2010 996 2072; x_wconf 91' lang='lat' dir='ltr'><strong>ut</strong></span> <span class='ocrx_word' id='word_1_167' title='bbox 1033 2008 1182 2072; x_wconf 91' lang='lat' dir='ltr'><strong>inde</strong></span> <span class='ocrx_word' id='word_1_168' title='bbox 1219 2009 1479 2094; x_wconf 83' lang='lat' dir='ltr'><strong>agmine</strong></span> <span class='ocrx_word' id='word_1_169' title='bbox 1520 2007 1835 2092; x_wconf 89' lang='lat' dir='ltr'><strong>quadrato</strong></span> <span class='ocrx_word' id='word_1_170' title='bbox 1875 2007 1951 2072; x_wconf 88' lang='lat' dir='ltr'><strong>ad</strong></span> <span class='ocrx_word' id='word_1_171' title='bbox 1987 2007 2218 2074; x_wconf 88' lang='lat' dir='ltr'><strong>urbem</strong></span> 
     </span>
     <span class='ocr_line' id='line_1_22' title="bbox 185 2094 2219 2180; baseline -0.001 -18"><span class='ocrx_word' id='word_1_172' title='bbox 185 2096 536 2178; x_wconf 87' lang='lat' dir='ltr'><strong>accederet,</strong></span> <span class='ocrx_word' id='word_1_173' title='bbox 571 2096 1011 2162; x_wconf 87' lang='lat' dir='ltr'><strong>lautissimum</strong></span> <span class='ocrx_word' id='word_1_174' title='bbox 1049 2095 1362 2180; x_wconf 88' lang='lat' dir='ltr'><strong>oppidum</strong></span> <span class='ocrx_word' id='word_1_175' title='bbox 1396 2117 1569 2163; x_wconf 87' lang='lat' dir='ltr'><strong>nunc</strong></span> <span class='ocrx_word' id='word_1_176' title='bbox 1596 2095 1997 2179; x_wconf 86' lang='lat' dir='ltr'><strong>municipum</strong></span> <span class='ocrx_word' id='word_1_177' title='bbox 2022 2094 2219 2160; x_wconf 84' lang='lat' dir='ltr'><strong>hone-</strong></span> 
     </span>
     <span class='ocr_line' id='line_1_23' title="bbox 186 2181 2219 2268; baseline -0.001 -18"><span class='ocrx_word' id='word_1_178' title='bbox 186 2185 653 2267; x_wconf 80' lang='lat' dir='ltr'><strong>stissimorum,</strong></span> <span class='ocrx_word' id='word_1_179' title='bbox 713 2185 1038 2268; x_wconf 81' lang='lat' dir='ltr'><strong>quondam</strong></span> <span class='ocrx_word' id='word_1_180' title='bbox 1093 2185 1498 2268; x_wconf 91' lang='lat' dir='ltr'><strong>colonorum,</strong></span> <span class='ocrx_word' id='word_1_181' title='bbox 1556 2181 1887 2268; x_wconf 83' lang='lat' dir='ltr'><strong>Suessam,</strong></span> <span class='ocrx_word' id='word_1_182' title='bbox 1941 2183 2219 2248; x_wconf 81' lang='lat' dir='ltr'><strong>fortissi-</strong></span> 
     </span>
     <span class='ocr_line' id='line_1_24' title="bbox 185 2271 2219 2357; baseline 0 -19"><span class='ocrx_word' id='word_1_183' title='bbox 185 2294 442 2339; x_wconf 87' lang='lat' dir='ltr'><strong>morum</strong></span> <span class='ocrx_word' id='word_1_184' title='bbox 497 2272 781 2338; x_wconf 89' lang='lat' dir='ltr'><strong>militum</strong></span> <span class='ocrx_word' id='word_1_185' title='bbox 836 2272 1150 2357; x_wconf 85' lang='lat' dir='ltr'><strong>sanguine</strong></span> <span class='ocrx_word' id='word_1_186' title='bbox 1204 2272 1530 2356; x_wconf 88' lang='lat' dir='ltr'><strong>implevit,</strong></span> <span class='ocrx_word' id='word_1_187' title='bbox 1583 2271 1892 2340; x_wconf 84' lang='lat' dir='ltr'><strong>Brundisi</strong></span> <span class='ocrx_word' id='word_1_188' title='bbox 1947 2271 2017 2336; x_wconf 92' lang='lat' dir='ltr'><strong>in</strong></span> <span class='ocrx_word' id='word_1_189' title='bbox 2071 2272 2219 2338; x_wconf 86' lang='lat' dir='ltr'><strong>sinu</strong></span> 
     </span>
     <span class='ocr_line' id='line_1_25' title="bbox 183 2357 2219 2446; baseline -0 -20"><span class='ocrx_word' id='word_1_190' title='bbox 183 2382 320 2427; x_wconf 87' lang='lat' dir='ltr'><strong>non</strong></span> <span class='ocrx_word' id='word_1_191' title='bbox 363 2360 556 2426; x_wconf 89' lang='lat' dir='ltr'><strong>modo</strong></span> <span class='ocrx_word' id='word_1_192' title='bbox 603 2357 1036 2446; x_wconf 83' lang='lat' dir='ltr'><strong>avarissimae,</strong></span> <span class='ocrx_word' id='word_1_193' title='bbox 1083 2361 1196 2424; x_wconf 88' lang='lat' dir='ltr'><strong>sed</strong></span> <span class='ocrx_word' id='word_1_194' title='bbox 1237 2361 1438 2424; x_wconf 88' lang='lat' dir='ltr'><strong>etiam</strong></span> <span class='ocrx_word' id='word_1_195' title='bbox 1476 2360 1959 2426; x_wconf 87' lang='lat' dir='ltr'><strong>crudelissimae</strong></span> <span class='ocrx_word' id='word_1_196' title='bbox 1995 2360 2219 2427; x_wconf 85' lang='lat' dir='ltr'><strong>uxoris</strong></span> 
     </span>
     <span class='ocr_line' id='line_1_26' title="bbox 103 2447 2219 2534; baseline 0.002 -26"><span class='ocrx_word' id='word_1_197' title='bbox 103 2466 158 2508; x_wconf 75' lang='lat'><strong>25</strong></span> <span class='ocrx_word' id='word_1_198' title='bbox 187 2448 474 2515; x_wconf 85' lang='lat' dir='ltr'><strong>delectos</strong></span> <span class='ocrx_word' id='word_1_199' title='bbox 519 2447 797 2514; x_wconf 88' lang='lat' dir='ltr'><strong>Martiae</strong></span> <span class='ocrx_word' id='word_1_200' title='bbox 841 2448 1122 2534; x_wconf 82' lang='lat' dir='ltr'><strong>legionis</strong></span> <span class='ocrx_word' id='word_1_201' title='bbox 1171 2449 1580 2514; x_wconf 82' lang='lat' dir='ltr'><strong>centuriones</strong></span> <span class='ocrx_word' id='word_1_202' title='bbox 1616 2448 1988 2514; x_wconf 84' lang='lat' dir='ltr'><strong>trucidavit.</strong></span> <span class='ocrx_word' id='word_1_203' title='bbox 2061 2447 2219 2512; x_wconf 88' lang='lat' dir='ltr'><strong>Inde</strong></span> 
     </span>
     <span class='ocr_line' id='line_1_27' title="bbox 187 2536 2219 2621; baseline -0.001 -18"><span class='ocrx_word' id='word_1_204' title='bbox 187 2558 260 2603; x_wconf 88' lang='grc'><strong>66</strong></span> <span class='ocrx_word' id='word_1_205' title='bbox 305 2557 434 2621; x_wconf 87' lang='grc'><strong>(1110</strong></span> <span class='ocrx_word' id='word_1_206' title='bbox 470 2536 708 2619; x_wconf 81' lang='lat' dir='ltr'><strong>furore,</strong></span> <span class='ocrx_word' id='word_1_207' title='bbox 755 2558 883 2620; x_wconf 92' lang='grc'><strong>(1110</strong></span> <span class='ocrx_word' id='word_1_208' title='bbox 923 2537 1150 2604; x_wconf 83' lang='lat' dir='ltr'><strong>ardore</strong></span> <span class='ocrx_word' id='word_1_209' title='bbox 1189 2536 1270 2600; x_wconf 91' lang='lat' dir='ltr'><strong>ad</strong></span> <span class='ocrx_word' id='word_1_210' title='bbox 1306 2537 1550 2619; x_wconf 89' lang='lat' dir='ltr'><strong>urbem,</strong></span> <span class='ocrx_word' id='word_1_211' title='bbox 1597 2537 1663 2600; x_wconf 90' lang='lat' dir='ltr'><strong>id</strong></span> <span class='ocrx_word' id='word_1_212' title='bbox 1699 2539 1803 2602; x_wconf 87' lang='lat' dir='ltr'><strong>est</strong></span> <span class='ocrx_word' id='word_1_213' title='bbox 1838 2537 1920 2602; x_wconf 89' lang='lat' dir='ltr'><strong>ad</strong></span> <span class='ocrx_word' id='word_1_214' title='bbox 1958 2536 2219 2601; x_wconf 86' lang='lat' dir='ltr'><strong>caedem</strong></span> 
     </span>
     <span class='ocr_line' id='line_1_28' title="bbox 190 2623 2221 2710; baseline -0.002 -18"><span class='ocrx_word' id='word_1_215' title='bbox 190 2624 426 2710; x_wconf 71' lang='lat' dir='ltr'><strong>optimi</strong></span> <span class='ocrx_word' id='word_1_216' title='bbox 481 2625 817 2708; x_wconf 88' lang='lat' dir='ltr'><strong>cuiusque,</strong></span> <span class='ocrx_word' id='word_1_217' title='bbox 871 2624 1194 2708; x_wconf 82' lang='lat' dir='ltr'><strong>rapiebat!</strong></span> <span class='ocrx_word' id='word_1_218' title='bbox 1289 2623 1432 2698; x_wconf 82' lang='lat' dir='ltr'><strong>Quo</strong></span> <span class='ocrx_word' id='word_1_219' title='bbox 1489 2628 1783 2707; x_wconf 89' lang='lat' dir='ltr'><strong>tempore</strong></span> <span class='ocrx_word' id='word_1_220' title='bbox 1838 2624 1904 2688; x_wconf 92' lang='lat' dir='ltr'><strong>di</strong></span> <span class='ocrx_word' id='word_1_221' title='bbox 1952 2623 2081 2706; x_wconf 84' lang='lat' dir='ltr'><strong>ipsi</strong></span> <span class='ocrx_word' id='word_1_222' title='bbox 2127 2623 2221 2687; x_wconf 78' lang='lat' dir='ltr'><strong>in·</strong></span> 
     </span>
     <span class='ocr_line' id='line_1_29' title="bbox 189 2711 2218 2796; baseline -0.001 -16"><span class='ocrx_word' id='word_1_223' title='bbox 189 2713 500 2780; x_wconf 88' lang='lat' dir='ltr'><strong>mortales</strong></span> <span class='ocrx_word' id='word_1_224' title='bbox 544 2712 940 2796; x_wconf 86' lang='lat' dir='ltr'><strong>praesidium</strong></span> <span class='ocrx_word' id='word_1_225' title='bbox 974 2711 1379 2795; x_wconf 84' lang='lat' dir='ltr'><strong>inprovisum</strong></span> <span class='ocrx_word' id='word_1_226' title='bbox 1412 2733 1533 2779; x_wconf 85' lang='lat' dir='ltr'><strong>nec</strong></span> <span class='ocrx_word' id='word_1_227' title='bbox 1572 2711 1989 2795; x_wconf 88' lang='lat' dir='ltr'><strong>opinantibus</strong></span> <span class='ocrx_word' id='word_1_228' title='bbox 2024 2711 2218 2778; x_wconf 82' lang='lat' dir='ltr'><strong>nobis</strong></span> 
     </span>
     <span class='ocr_line' id='line_1_30' title="bbox 191 2798 2219 2868; baseline 0 -3"><span class='ocrx_word' id='word_1_229' title='bbox 191 2801 584 2868; x_wconf 86' lang='lat' dir='ltr'><strong>obtulerunt.</strong></span> <span class='ocrx_word' id='word_1_230' title='bbox 659 2799 956 2868; x_wconf 81' lang='lat' dir='ltr'><strong>Caesaris</strong></span> <span class='ocrx_word' id='word_1_231' title='bbox 995 2800 1168 2866; x_wconf 88' lang='lat' dir='ltr'><strong>enim</strong></span> <span class='ocrx_word' id='word_1_232' title='bbox 1205 2799 1603 2865; x_wconf 85' lang='lat' dir='ltr'><strong>incredibilis</strong></span> <span class='ocrx_word' id='word_1_233' title='bbox 1642 2820 1718 2864; x_wconf 90' lang='lat' dir='ltr'><strong>ac</strong></span> <span class='ocrx_word' id='word_1_234' title='bbox 1755 2798 1975 2863; x_wconf 90' lang='lat' dir='ltr'><strong>divina</strong></span> <span class='ocrx_word' id='word_1_235' title='bbox 2008 2798 2219 2865; x_wconf 86' lang='lat' dir='ltr'><strong>virtus</strong></span> 
     </span>
     <span class='ocr_line' id='line_1_31' title="bbox 105 2885 2221 2972; baseline 0.001 -24"><span class='ocrx_word' id='word_1_236' title='bbox 105 2908 162 2948; x_wconf 75' lang='grc'><strong>66</strong></span> <span class='ocrx_word' id='word_1_237' title='bbox 188 2886 464 2955; x_wconf 86' lang='lat' dir='ltr'><strong>latronis</strong></span> <span class='ocrx_word' id='word_1_238' title='bbox 536 2889 820 2972; x_wconf 88' lang='lat' dir='ltr'><strong>impetus</strong></span> <span class='ocrx_word' id='word_1_239' title='bbox 895 2887 1170 2956; x_wconf 84' lang='lat' dir='ltr'><strong>crudelis</strong></span> <span class='ocrx_word' id='word_1_240' title='bbox 1247 2908 1323 2952; x_wconf 91' lang='lat' dir='ltr'><strong>ac</strong></span> <span class='ocrx_word' id='word_1_241' title='bbox 1385 2887 1769 2952; x_wconf 82' lang='lat' dir='ltr'><strong>furibundos</strong></span> <span class='ocrx_word' id='word_1_242' title='bbox 1834 2885 2221 2970; x_wconf 85' lang='lat' dir='ltr'><strong>retardavit3</strong></span> 
     </span>
     <span class='ocr_line' id='line_1_32' title="bbox 190 2973 2223 3061; baseline -0.001 -20"><span class='ocrx_word' id='word_1_243' title='bbox 190 2998 380 3061; x_wconf 83' lang='lat' dir='ltr'><strong>quem</strong></span> <span class='ocrx_word' id='word_1_244' title='bbox 425 2980 569 3043; x_wconf 85' lang='lat' dir='ltr'><strong>tum</strong></span> <span class='ocrx_word' id='word_1_245' title='bbox 612 2977 724 3042; x_wconf 90' lang='lat' dir='ltr'><strong>ille</strong></span> <span class='ocrx_word' id='word_1_246' title='bbox 760 2977 1023 3043; x_wconf 87' lang='lat' dir='ltr'><strong>demens</strong></span> <span class='ocrx_word' id='word_1_247' title='bbox 1060 2975 1313 3040; x_wconf 89' lang='lat' dir='ltr'><strong>laedere</strong></span> <span class='ocrx_word' id='word_1_248' title='bbox 1352 2996 1421 3041; x_wconf 88' lang='lat' dir='ltr'><strong>se</strong></span> <span class='ocrx_word' id='word_1_249' title='bbox 1458 2975 1737 3058; x_wconf 87' lang='lat' dir='ltr'><strong>putabat</strong></span> <span class='ocrx_word' id='word_1_250' title='bbox 1764 2973 2004 3038; x_wconf 82' lang='lat' dir='ltr'><strong>edictis</strong></span> <span class='ocrx_word' id='word_1_251' title='bbox 2040 2974 2223 3058; x_wconf 86' lang='lat' dir='ltr'><strong>igno-</strong></span> 
     </span>
     <span class='ocr_line' id='line_1_33' title="bbox 187 3061 2223 3149; baseline -0.002 -19"><span class='ocrx_word' id='word_1_252' title='bbox 187 3087 367 3149; x_wconf 85' lang='lat' dir='ltr'><strong>rans,</strong></span> <span class='ocrx_word' id='word_1_253' title='bbox 435 3085 874 3148; x_wconf 86' lang='lat' dir='ltr'><strong>quaecumque</strong></span> <span class='ocrx_word' id='word_1_254' title='bbox 932 3063 1100 3129; x_wconf 89' lang='lat' dir='ltr'><strong>falso</strong></span> <span class='ocrx_word' id='word_1_255' title='bbox 1158 3063 1256 3144; x_wconf 91' lang='lat' dir='ltr'><strong>[in</strong></span> <span class='ocrx_word' id='word_1_256' title='bbox 1301 3064 1475 3144; x_wconf 89' lang='lat' dir='ltr'><strong>eum]</strong></span> <span class='ocrx_word' id='word_1_257' title='bbox 1532 3062 1777 3128; x_wconf 88' lang='lat' dir='ltr'><strong>diceret</strong></span> <span class='ocrx_word' id='word_1_258' title='bbox 1830 3061 1899 3124; x_wconf 93' lang='lat' dir='ltr'><strong>in</strong></span> <span class='ocrx_word' id='word_1_259' title='bbox 1954 3061 2223 3126; x_wconf 88' lang='lat' dir='ltr'><strong>sanctis-</strong></span> 
     </span>
     <span class='ocr_line' id='line_1_34' title="bbox 190 3150 2223 3234; baseline 0 -18"><span class='ocrx_word' id='word_1_260' title='bbox 190 3154 427 3216; x_wconf 88' lang='lat' dir='ltr'><strong>simum</strong></span> <span class='ocrx_word' id='word_1_261' title='bbox 488 3153 992 3234; x_wconf 83' lang='lat' dir='ltr'><strong>adulescentem,-</strong></span> <span class='ocrx_word' id='word_1_262' title='bbox 1046 3172 1123 3216; x_wconf 86' lang='lat' dir='ltr'><strong>ea</strong></span> <span class='ocrx_word' id='word_1_263' title='bbox 1175 3171 1325 3215; x_wconf 88' lang='lat' dir='ltr'><strong>vere</strong></span> <span class='ocrx_word' id='word_1_264' title='bbox 1380 3151 1662 3216; x_wconf 87' lang='lat' dir='ltr'><strong>recidere</strong></span> <span class='ocrx_word' id='word_1_265' title='bbox 1716 3150 1788 3213; x_wconf 93' lang='lat' dir='ltr'><strong>in</strong></span> <span class='ocrx_word' id='word_1_266' title='bbox 1840 3150 2223 3217; x_wconf 83' lang='lat' dir='ltr'><strong>memoriam</strong></span> 
     </span>
     <span class='ocr_line' id='line_1_35' title="bbox 188 3202 2223 3326; baseline -0.001 -21"><span class='ocrx_word' id='word_1_267' title='bbox 188 3241 506 3325; x_wconf 83' lang='lat' dir='ltr'><strong>pueritiae</strong></span> <span class='ocrx_word' id='word_1_268' title='bbox 571 3262 742 3306; x_wconf 88' lang='lat' dir='ltr'><strong>suae.</strong></span> <span class='ocrx_word' id='word_1_269' title='bbox 841 3202 1185 3326; x_wconf 71' lang='lat' dir='ltr'><strong>Ingiessus</strong></span> <span class='ocrx_word' id='word_1_270' title='bbox 1249 3239 1485 3305; x_wconf 89' lang='lat' dir='ltr'><strong>urbem</strong></span> <span class='ocrx_word' id='word_1_271' title='bbox 1544 3241 1645 3303; x_wconf 91' lang='lat' dir='ltr'><strong>est</strong></span> <span class='ocrx_word' id='word_1_272' title='bbox 1710 3259 1837 3321; x_wconf 90' lang='lat' dir='ltr'><strong>quo</strong></span> <span class='ocrx_word' id='word_1_273' title='bbox 1884 3238 2223 3305; x_wconf 87' lang='lat' dir='ltr'><strong>comitatu</strong></span> 
     </span>
     <span class='ocr_line' id='line_1_36' title="bbox 110 3325 2223 3414; baseline 0.001 -26"><span class='ocrx_word' id='word_1_274' title='bbox 110 3345 160 3388; x_wconf 72' lang='lat'><strong>⁸⁵</strong></span> <span class='ocrx_word' id='word_1_275' title='bbox 189 3329 293 3394; x_wconf 89' lang='lat' dir='ltr'><strong>vel</strong></span> <span class='ocrx_word' id='word_1_276' title='bbox 364 3328 586 3414; x_wconf 87' lang='lat' dir='ltr'><strong>potius</strong></span> <span class='ocrx_word' id='word_1_277' title='bbox 661 3328 950 3414; x_wconf 88' lang='lat' dir='ltr'><strong>agmine,</strong></span> <span class='ocrx_word' id='word_1_278' title='bbox 1030 3349 1178 3393; x_wconf 90' lang='lat' dir='ltr'><strong>cum</strong></span> <span class='ocrx_word' id='word_1_279' title='bbox 1247 3326 1505 3410; x_wconf 87' lang='lat' dir='ltr'><strong>dextra,</strong></span> <span class='ocrx_word' id='word_1_280' title='bbox 1583 3325 1851 3392; x_wconf 88' lang='lat' dir='ltr'><strong>sinistra</strong></span> <span class='ocrx_word' id='word_1_281' title='bbox 1922 3330 2223 3412; x_wconf 87' lang='lat' dir='ltr'><strong>gemente</strong></span> 
     </span>
     <span class='ocr_line' id='line_1_37' title="bbox 189 3414 2225 3500; baseline 0 -19"><span class='ocrx_word' id='word_1_282' title='bbox 189 3415 432 3500; x_wconf 87' lang='lat' dir='ltr'><strong>populo</strong></span> <span class='ocrx_word' id='word_1_283' title='bbox 495 3415 794 3482; x_wconf 85' lang='lat' dir='ltr'><strong>Romano</strong></span> <span class='ocrx_word' id='word_1_284' title='bbox 859 3415 1218 3480; x_wconf 87' lang='lat' dir='ltr'><strong>minaretur</strong></span> <span class='ocrx_word' id='word_1_285' title='bbox 1281 3414 1588 3497; x_wconf 82' lang='lat' dir='ltr'><strong>dominis,</strong></span> <span class='ocrx_word' id='word_1_286' title='bbox 1650 3417 1913 3480; x_wconf 86' lang='lat' dir='ltr'><strong>notaret</strong></span> <span class='ocrx_word' id='word_1_287' title='bbox 1975 3414 2225 3498; x_wconf 79' lang='grc'><strong>(101606,</strong></span> 
     </span>
     <span class='ocr_line' id='line_1_38' title="bbox 187 3465 2225 3587; baseline 0 -17"><span class='ocrx_word' id='word_1_288' title='bbox 187 3505 548 3570; x_wconf 89' lang='lat' dir='ltr'><strong>divisurum</strong></span> <span class='ocrx_word' id='word_1_289' title='bbox 601 3526 672 3570; x_wconf 90' lang='grc'><strong>66</strong></span> <span class='ocrx_word' id='word_1_290' title='bbox 724 3505 956 3571; x_wconf 89' lang='lat' dir='ltr'><strong>urbem</strong></span> <span class='ocrx_word' id='word_1_291' title='bbox 1000 3503 1220 3586; x_wconf 89' lang='lat' dir='ltr'><strong>palam</strong></span> <span class='ocrx_word' id='word_1_292' title='bbox 1274 3503 1413 3568; x_wconf 86' lang='lat' dir='ltr'><strong>suis</strong></span> <span class='ocrx_word' id='word_1_293' title='bbox 1464 3465 1909 3587; x_wconf 76' lang='lat' dir='ltr'><strong>polliceretur!</strong></span> <span class='ocrx_word' id='word_1_294' title='bbox 2000 3501 2225 3570; x_wconf 85' lang='lat' dir='ltr'><strong>Rediit</strong></span> 
     </span>
    </p>
   </div>
   <div class='ocr_carea' id='block_1_3' title="bbox 2240 2765 2306 2902">
    <p class='ocr_par' dir='ltr' id='par_1_3' title="bbox 2240 2765 2306 2902">
     <span class='ocr_line' id='line_1_39' title="bbox 2240 2765 2281 2828; baseline 0 0"><span class='ocrx_word' id='word_1_295' title='bbox 2240 2765 2281 2828; x_wconf 87' lang='lat'>9</span> 
     </span>
     <span class='ocr_line' id='line_1_40' title="bbox 2243 2855 2306 2902; baseline 0 0"><span class='ocrx_word' id='word_1_296' title='bbox 2243 2855 2306 2902; x_wconf 81' lang='lat'><strong>19</strong></span> 
     </span>
    </p>
   </div>
  </div>
 </body>
</html>
