2550 3875
855 157 1008 213 CAP.
1048 163 1186 213 5-‘1
1223 164 1253 224 ς)
1294 165 1518 214 12—1'1.
2126 160 2209 224 71,

183 321 276 386 Et
322 321 632 405 quoniam
680 320 789 385 hic
833 320 1014 386 locus
1061 325 1161 385 est
1204 343 1399 406 unus,
1456 344 1646 405 quem
1691 321 1817 386 tibi
1864 344 2012 387 cum
2057 321 2212 388 Cae-

183 432 328 474 sare
385 431 795 475 communem
841 430 982 474 esse
1027 409 1231 494 dicas,
1288 411 1628 495 seiungam
1671 415 1739 475 te
1786 412 1869 475 ab
1914 410 2030 474 illo
2075 432 2211 476 non

181 499 398 562 solum
453 498 548 561 rei
602 497 900 581 publicae
958 519 1181 582 causa,
1233 519 1460 562 verum
1506 499 1705 562 etiam
1750 498 2072 582 Caesaris,
2123 520 2209 563 ne

185 608 316 668 qua
379 607 460 650 ex
511 589 628 649 tua
682 607 935 650 summa
987 586 1377 671 indignitate
1430 587 1612 651 labes
1668 586 1845 653 illius
1899 587 2209 672 dignitati

131 693 157 732 5
183 695 453 757 aspersa
489 674 799 738 videatur.
843 672 1164 752 *Primum
1201 696 1461 758 quaem,
1496 696 1654 739 num
1680 679 1754 740 tu
1782 675 2037 740 senatui
2065 697 2209 741 cau·

181 783 327 826 sam
369 766 554 827 tuam
597 763 940 846 permittas
949 813 967 846 ,
1014 763 1187 846 quod
1233 762 1393 828 facit
1439 762 1704 848 Caesar3
1749 764 1995 847 deinde,
2041 784 2212 846 quac

181 851 274 914 sit
320 851 674 915 auctoritas
721 851 884 934 eius,
932 850 1045 934 qui
1091 871 1160 915 se
1207 850 1475 915 alterius
1519 850 1713 935 facte,
1757 873 1895 916 non
1938 872 2056 916 suo
2102 851 2208 916 de·

179 938 436 1023 fendat3
489 939 715 1003 deinde
771 936 1096 1024 (erumpet
1150 939 1325 1003 enim
1380 939 1726 1023 aliquando
1781 961 1860 1002 ex
1903 961 2007 1004 me
2053 959 2208 1003 vera

179 1048 336 1110 vox,
390 1029 459 1091 et
503 1027 714 1092 dicam
758 1027 898 1092 sine
946 1027 1384 1110 cunctatione,
1439 1028 1613 1110 quod
1659 1026 1925 1111 sentio),
1970 1027 2029 1090 si
2072 1027 2207 1092 iam

103 1135 154 1173 ιο
179 1115 533 1180 violentior
577 1115 796 1199 aliqua
838 1115 910 1179 in
954 1136 1025 1179 re
1071 1114 1140 1180 G.
1188 1114 1427 1180 Caesar
1470 1115 1732 1199 fuisset,
1778 1115 1836 1179 si
1880 1137 2031 1179 eum
2074 1136 2206 1179 ma-

177 1203 456 1288 gnitudo
505 1203 968 1286 contentionis,
1025 1203 1313 1267 studium
1359 1203 1633 1288 gloriae,
1687 1206 2027 1287 praestans
2072 1204 2206 1266 ani-

175 1312 346 1374 mus,
394 1291 710 1356 excellens
745 1291 1058 1356 nobilitas
1096 1291 1315 1374 aliquo
1352 1291 1737 1376 impulisset,
1776 1291 1947 1374 quod
1983 1291 2054 1355 in
2088 1291 2205 1356 illo

175 1379 324 1444 viro
381 1383 448 1444 et
498 1383 641 1444 tum
695 1379 1032 1444 ferendum
1085 1383 1257 1444 esset
1309 1383 1375 1444 et
1419 1379 1719 1444 maximis
1764 1379 1989 1463 rebus,
2042 1399 2206 1462 quas

177 1472 415 1552 postea
442 1468 665 1553 gessit,
705 1467 1237 1533 oblitterandum:
1273 1467 1343 1531 id
1370 1471 1446 1532 tu
1471 1467 1614 1551 tibi,
1649 1467 1935 1550 furcifer,
1971 1487 2207 1552 sumes,

105 1575 152 1616 1⁵
181 1559 250 1620 et
287 1555 517 1621 Vatini
560 1556 837 1620 latronis
876 1577 952 1620 ac
987 1555 1291 1640 sacrilegi
1327 1577 1456 1620 vox
1491 1555 1788 1619 audietur
1824 1554 1951 1619 hoc
1985 1559 2207 1639 postu-

177 1644 410 1727 lantis,
471 1647 547 1708 ut
599 1645 771 1708 idem
825 1643 954 1708 sibi
1011 1644 1401 1708 concedatur
1456 1643 1630 1728 quod
1685 1642 1992 1710 Caesari?
2096 1642 2204 1708 Sic

178 1733 358 1797 enim
404 1753 482 1796 ex
525 1735 591 1796 te
640 1753 898 1816 quaero.
989 1731 1315 1796 Tribunus
1360 1731 1447 1815 pl.
1493 1731 1708 1816 fuisti3
1754 1731 2022 1816 seiunge
2061 1734 2129 1796 te
2165 1753 2208 1796 a

179 1821 476 1903 consule3
522 1820 806 1904 collegas
850 1818 1142 1884 habuisti
1186 1820 1363 1884 viros
1409 1819 1602 1884 fortis
1641 1841 1891 1884 novem.
1983 1819 2087 1883 Ex
2123 1819 2207 1885 iis

179 1914 318 1975 tres
374 1912 584 1993 erant,
640 1929 802 1993 quos
857 1911 932 1974 tu
987 1907 1225 1974 cotidie
1283 1908 1533 1973 sciebas
1581 1929 1837 1973 servare
1883 1907 1961 1973 de
2008 1907 2209 1993 caelo,

101 2019 152 2057 80
181 2019 348 2082 quos
393 1998 733 2081 irridebas,
780 2018 944 2080 quos
988 1997 1281 2080 privatos
1328 2018 1468 2061 esse
1514 1997 1800 2079 dicebas3
1845 1996 1923 2061 de
1969 1996 2207 2080 quibus

179 2088 345 2151 duos
399 2088 841 2169 praetextatos
895 2085 1178 2150 sedentis
1231 2085 1439 2169 vides,
1494 2088 1560 2149 te
1616 2084 1982 2149 aediliciam
2026 2105 2209 2167 prae·

175 2178 430 2239 textam
493 2177 744 2259 togam,
810 2194 1006 2257 quam
1059 2173 1306 2237 frustra
1360 2171 1756 2256 confeceras,
1819 2172 2209 2257 vendidisse,

179 2263 452 2329 tertium
507 2263 636 2326 scis
694 2284 772 2326 ex
824 2261 940 2325 illo
999 2262 1264 2326 obsesso
1313 2264 1509 2343 atque
1558 2261 1819 2326 adflicto
1864 2260 2209 2325 tribunatu

179 2350 590 2415 consularem
646 2350 1103 2414 auctoritatem
1156 2349 1489 2413 hominem
1540 2369 1682 2413 esse
1729 2348 2210 2413 adulescentem

99 2458 151 2498 25
181 2442 618 2504 consecutum.
720 2437 980 2520 Reliqui
1044 2459 1156 2503 sex
1217 2437 1509 2520 fuerunt,
1576 2459 1609 2502 e
1674 2437 1910 2520 quibus
1965 2436 2205 2520 partim

178 2527 376 2611 plane
419 2530 637 2591 tecum
683 2526 1068 2609 sentiebant,
1112 2525 1355 2609 partim
1390 2524 1674 2590 medium
1712 2525 2033 2608 quendam
2068 2546 2210 2589 cur-

179 2636 328 2679 sum
364 2615 701 2697 tenebant3
748 2634 972 2679 omnes
1008 2613 1378 2678 habuerunt
1412 2613 1592 2698 leges
1627 2612 2095 2697 promulgatas,
2137 2612 2209 2677 in

180 2703 276 2768 eis
322 2702 562 2768 multas
608 2722 791 2767 meus
835 2701 1256 2786 necessarius,
1301 2700 1501 2766 etiam
1546 2701 1625 2765 de
1671 2722 1817 2765 mea
1861 2700 2207 2783 sententia,

2226 1607 2265 1670 7

2228 1696 2297 1747 ια

179 2790 251 2857 C.
298 2790 686 2873 CosconiuS,
729 2791 922 2854 iudex
964 2793 1216 2874 noster,
1262 2809 1457 2872 quem
1501 2792 1576 2853 tu
1623 2788 2011 2871 dirumperis
2058 2809 2207 2852 cum

99 2900 152 2940 so
179 2880 551 2944 aedilicium
613 2879 809 2944 vides.
915 2877 1118 2962 Volo,
1177 2878 1281 2941 uti
1343 2876 1508 2941 mihi
1568 2877 1987 2960 respondeas,
2047 2896 2207 2939 num
2229 2894 2296 2942 ιτ

181 2968 330 3052 quis
394 2990 474 3033 ex
527 2971 672 3033 toto
727 2966 1006 3051 collegio
1061 2967 1276 3051 legem
1332 2965 1420 3029 sit
1472 2985 1669 3029 ausus
1723 2964 1892 3028 ferre
1946 2965 2208 3046 praeter

176 3078 384 3121 unum
428 3060 523 3141 te3
569 3077 733 3139 quae
777 3058 964 3119 tanta
1007 3054 1078 3118 in
1121 3058 1188 3118 te
1233 3052 1433 3118 fuerit
1478 3052 1763 3135 audacia,
1811 3071 1976 3135 quae
2018 3052 2209 3114 tanta

178 3145 297 3228 vis,
349 3147 441 3228 ut,
487 3144 660 3228 quod
703 3165 938 3209 novem
983 3142 1082 3207 tui
1129 3142 1437 3226 conlegae
1485 3140 1613 3205 sibi
1657 3138 2018 3205 timendum
2066 3157 2207 3202 esse

179 3232 501 3316 duxerint,
551 3232 620 3296 id
665 3253 830 3296 unus
875 3235 951 3295 tu
997 3250 1285 3295 emersus
1332 3251 1367 3293 e
1414 3249 1632 3312 caen0,
1678 3227 1969 3293 omnium
2014 3223 2217 3289 facile.

101 3342 152 3383 35
180 3320 484 3386 omnibus
532 3320 726 3385 rebus
771 3320 1034 3385 infimus
1082 3317 1651 3400 contemnendum,
1705 3312 2207 3398 despiciendum,

179 3408 590 3473 inridendum
633 3411 927 3492 putares3
969 3429 1128 3472 num
1175 3426 1369 3488 quem
1412 3408 1566 3489 post
1608 3404 1839 3468 urbem
1877 3400 2207 3467 conditam

179 3496 351 3562 scias
404 3497 744 3561 tribunum
795 3496 883 3581 pl.
939 3495 1149 3581 egisse
1207 3515 1356 3559 cum
1407 3492 1626 3577 plebe,
1684 3512 1830 3555 cum
1877 3491 2211 3555 constaret
