2550 3875
845 173 998 230 CAP.
1039 180 1247 231 10-13
1286 181 1318 242 s
1354 181 1581 232 29—33.
2101 174 2235 240 293

195 335 539 420 pelluntur
603 336 676 401 in
735 335 1058 421 fraudem,
1121 336 1407 421 improbi
1467 359 1657 422 saepe
1712 360 1930 421 parvo.
2032 336 2237 422 Atqui

195 423 450 489 Milone
487 423 833 489 interfecto
872 423 1138 490 Clodius
1173 426 1337 490 haec
1365 426 1848 512 assequebatur,
1882 447 2018 490 non
2044 426 2236 490 modo

196 514 280 576 ut
339 515 607 597 praetor
662 516 837 578 esset
889 535 1024 578 non
1079 535 1155 578 eo
1213 515 1506 598 consule,
1570 536 1698 597 quo
1756 514 2017 579 sceleris
2072 512 2236 578 nihil

199 599 417 665 facere
453 604 696 684 posset,
732 601 846 666 sed
885 601 1082 666 etiam
1117 605 1196 666 ut
1231 601 1315 666 iis
1355 602 1729 667 consulibus
1757 606 2021 686 praetor
2048 606 2239 685 esset,

141 712 176 753 5
206 688 446 773 quibus
494 688 551 753 si
595 710 730 754 non
769 689 1246 773 adiuvantibus,
1293 694 1362 755 at
1401 689 1849 755 coniventibus
1888 693 2062 756 certe
2100 711 2238 774 spe-

200 780 383 840 raret
430 797 499 841 se
543 797 735 862 posse
783 777 1038 842 eludere
1076 778 1147 842 in
1181 776 1316 843 illis
1356 778 1491 843 suis
1530 778 1839 863 cogitatis
1877 777 2238 862 furoribus3

202 864 391 930 cuius
427 863 529 928 illi
566 870 855 951 conatus,
904 869 982 930 ut
1017 866 1157 950 ipse
1195 866 1729 947 ratiocinabatur,
1773 888 1890 932 nec
1929 871 2239 950 cuperent

200 952 584 1037 reprimere,
639 953 698 1017 si
750 957 1047 1037 possent,
1102 975 1250 1018 cum
1306 958 1565 1019 tantum
1617 952 2003 1020 beneficium
2062 955 2121 1019 ei
2168 976 2237 1019 se

203 1040 440 1106 debere
478 1039 974 1126 arbitrarentur,
1012 1046 1094 1126 et,
1132 1042 1188 1106 si
1225 1042 1487 1126 vellent,
1524 1041 1805 1108 fortasse
1832 1043 1939 1106 vix
1967 1047 2239 1127 possent

117 1153 176 1193 ιο
201 1127 507 1214 frangere
544 1128 828 1194 hominis
867 1130 1355 1195 sceleratissimi
1385 1131 1919 1196 corroboratam
1902 1153 2032 1194 1am
2061 1135 2240 1196 vetu-

204 1220 380 1281 state
427 1217 780 1319 audaciam.
869 1217 978 1282 An
1021 1239 1204 1304 vero,
1252 1219 1518 1302 iudices,
1562 1240 1678 1284 vos
1727 1219 1851 1284 soli
1897 1218 2239 1304 ignoratis,
2258 1230 2326 1278 33

203 1326 321 1370 vos
375 1303 672 1391 hospites
727 1306 797 1371 in
849 1305 976 1371 hac
1019 1307 1182 1372 urbe
1227 1307 1603 1391 versamini,
1659 1311 1912 1371 vestrae
1957 1307 2241 1392 peregri-

201 1395 448 1458 nantur
486 1415 682 1458 aures
711 1415 919 1478 neque
955 1395 1026 1459 in
1059 1394 1187 1460 hoc
1222 1399 1580 1481 pervagato
1619 1395 1906 1460 civitatis
1945 1416 2240 1459 sermone

204 1486 578 1566 versantur,
634 1503 795 1565 quas
849 1483 961 1547 ille
1016 1483 1223 1569 leges,
1279 1484 1338 1548 si
1386 1484 1564 1569 leges
1608 1483 2041 1548 nominandae
2088 1487 2242 1548 sunt

119 1593 176 1635 ιε
207 1591 287 1635 ac
331 1591 467 1635 non
511 1568 684 1636 faces
731 1571 933 1654 urbis,
977 1575 1194 1655 pestes
1241 1572 1337 1636 rei
1382 1571 1699 1656 publicae,
1744 1570 1999 1636 fuerit
1980 1571 2243 1655 1mposi-

203 1663 396 1723 turus
433 1658 626 1723 nobis
666 1659 966 1724 omnibus
1005 1663 1200 1745 atque
1229 1659 1613 1725 inusturus‘?
1668 1659 1943 1744 Exhibe,
1981 1681 2243 1743 quaeSO,

207 1744 407 1812 Sexte
456 1745 673 1830 Clodi,
719 1747 951 1813 exhibe
997 1747 1341 1813 librarium
1386 1747 1549 1812 illud
1594 1748 1814 1833 legum
1859 1751 2243 1832 vestrarum,

205 1835 382 1919 quod
437 1838 504 1899 te
561 1835 745 1900 aiunt
799 1835 1112 1920 eripuisse
1168 1857 1203 1900 e
1258 1836 1452 1902 domo
1510 1839 1577 1900 et
1632 1858 1710 1902 ex
1764 1834 1994 1901 mediis
2042 1835 2240 1900 armis

205 1923 532 2008 turbaque
585 1928 908 1989 nocturna
962 1928 1301 2009 tamquam
1353 1923 1719 1990 Palladium
1771 1924 2111 2008 extulisse,
2165 1928 2242 1988 ut

122 2037 178 2077 ιο
204 2013 618 2098 praeclarum
654 2012 958 2078 videlicet
992 2035 1226 2079 munus
1266 2017 1462 2098 atque
1499 2013 2008 2079 instrumentum
2040 2012 2243 2078 tribu-

199 2104 399 2165 natus
455 2100 537 2165 ad
594 2100 906 2186 aliquem,
964 2102 1023 2166 si
1074 2105 1304 2167 nactus
1360 2123 1564 2185 esses,
1626 2103 1738 2185 qui
1794 2106 1909 2166 tuo
1966 2100 2240 2166 arbitrio

202 2189 615 2254 tribunatum
679 2193 960 2275 gereret,
1023 2189 1271 2255 deferre
1334 2211 1579 2274 posses.
1678 2189 1771 2254 Et
1825 2188 2079 2273 aspexit
2136 2211 2237 2253 me

200 2277 337 2342 illis
406 2277 668 2361 quidem
731 2278 966 2361 oculis,
1031 2278 1268 2361 quibus
1339 2283 1483 2344 tum
1547 2278 1831 2362 solebat,
1895 2299 2043 2342 cum
2109 2298 2239 2342 om-

202 2365 402 2430 nibus
477 2366 697 2431 omnia
763 2364 1154 2431 minabatur.
1261 2365 1487 2432 Movet
1551 2388 1656 2431 me
1728 2365 1965 2449 quippe
2021 2366 2243 2431 lumen

122 2477 176 2519 25
205 2454 441 2519 curiae.
517 2453 731 2529 Quid?
771 2458 847 2519 tu
891 2476 996 2519 me
1043 2454 1168 2519 tibi
1211 2454 1482 2538 iratum,
1530 2452 1743 2538 Sexte,
1788 2458 2012 2540 putas,
2058 2454 2239 2518 cuius
2265 2450 2341 2515 13

204 2546 281 2608 tu
334 2542 862 2607 inimicissimum
916 2543 1125 2607 multo
1184 2542 1506 2608 crudelius
1554 2543 1756 2607 etiam
1801 2542 2105 2626 poenitus
2152 2564 2239 2625 es,

206 2652 408 2715 quam
492 2634 635 2695 erat
714 2630 1145 2696 humanitatis
1227 2652 1410 2695 meae
1483 2630 1863 2713 postulare?
1984 2630 2083 2694 Tu
2168 2628 2241 2694 P.

215 2718 406 2785 Clodi
483 2722 824 2785 cruentum
897 2718 1168 2785 cadaver
1243 2718 1496 2785 eiecisti
1562 2719 1782 2803 domo,
1855 2722 1929 2783 tu
1993 2718 2064 2782 in
2126 2739 2240 2817 pu-

204 2807 456 2873 blicum
519 2807 846 2892 abiecisti,
910 2810 984 2872 tu
1031 2806 1389 2891 spoliatum
1440 2806 1868 2893 imaginibus,
1933 2804 2239 2887 exequiis,

125 2920 179 2961 so
205 2917 478 2981 pompa,
532 2895 934 2980 laudatione,
988 2894 1457 2960 infelicissimis
1505 2894 1705 2980 lignis
1752 2892 2239 2959 semustilatum

204 2983 546 3049 nocturnis
595 2984 864 3050 canibus
910 2983 1357 3049 dilaniandum
1394 2982 1761 3083 reliquisti.
1832 2980 2065 3063 Quare,
2112 2980 2240 3043 etsi

203 3071 454 3138 nefarie
490 3070 727 3151 fecisti,
763 3076 1004 3156 tamen,
1042 3071 1353 3155 quoniam
1389 3070 1461 3135 in
1496 3092 1643 3135 meo
1673 3068 1939 3135 inimico
1970 3067 2240 3131 crudeli-

205 3165 417 3225 tatem
462 3161 927 3245 exprompsisti
973 3164 1175 3244 tuam,
1218 3159 1482 3225 laudare
1527 3180 1663 3223 non
1708 3177 1996 3243 possum,
2042 3155 2238 3221 irasci

206 3252 384 3314 certe
419 3270 555 3314 non
589 3249 811 3314 debeo.
848 3246 982 3288 *²¹²*

128 3361 182 3403 ιο
391 3336 569 3401 Talis
620 3338 693 3401 in
734 3337 1103 3402 Miloniana
1155 3337 1435 3402 oratione
1487 3334 1878 3417 sylloyismus
1930 3338 2044 3398 est:
2102 3331 2241 3416 Si',

206 3425 431 3509 inquit,
477 3423 673 3490 doceo
717 3444 940 3491 causas
979 3425 1176 3505 fuisse
1213 3422 1449 3502 Clodio,
1492 3428 1565 3487 ut
1599 3423 1888 3487 occideret
1920 3421 2242 3501 Milonem,

201 3512 393 3598 probo
463 3512 930 3579 insidiatorem?
1047 3518 1232 3577 Hane
1298 3511 1777 3595 propositionem
1850 3508 2239 3591 adprobavit:
