2550 3875
371 173 506 237 224
956 169 1101 225 PRO
1141 169 1255 227 CN.
1292 166 1614 223 PLANCIO
1652 165 1938 221 ORATIO.

373 331 696 414 tribuum,
752 351 881 414 quo
928 350 1047 394 vos
1096 328 1595 413 adiuvaremini,
1640 327 1903 411 fecisse3
1941 327 2237 411 eosdem,
2288 349 2438 393 cum

371 421 507 484 iam
553 421 774 484 essent
817 417 1090 501 experti,
1138 417 1295 500 quid
1330 417 1642 500 valerent,
1688 416 2027 480 restrictos
2066 419 2138 478 et
2174 417 2436 480 tenacis

377 507 631 572 fuisse?
721 505 988 570 Etenim
1032 504 1453 588 verebantur,
1505 504 1725 588 credo,
1772 503 2129 589 angustias
2228 503 2437 580 Quasi

377 615 481 660 res
536 594 608 659 in
661 592 1150 659 contentionem
1209 596 1326 657 aut
1378 593 1449 656 in
1494 592 1843 657 discrimen
1888 591 2156 676 aliquod
2200 597 2437 676 posset

378 682 618 748 venire.
677 679 804 746 Sed
840 685 1062 746 tamen
1099 685 1176 745 tu
1203 679 1282 745 A.
1310 679 1621 764 Plotium,
1661 680 1876 745 virum
1912 680 2436 761 ornatissimum,
2473 705 2487 742 ⁵

378 771 450 836 in
495 770 670 834 idem
716 769 964 834 crimen
1008 769 1298 834 vocando
1344 768 1593 834 indicas
1641 790 1789 834 eum
1833 772 1902 833 te
1948 767 2344 852 arripuisse,
2402 791 2437 832 a

379 880 508 942 quo
564 880 701 922 non
755 858 846 922 sis
901 861 1194 943 rogatus.
1290 854 1467 921 Nam
1522 857 1698 941 quod
1752 859 2020 941 questus
2078 877 2147 920 es
2203 855 2435 940 plures

373 951 444 1012 te
500 949 706 1011 testes
758 945 1000 1010 habere
1049 944 1126 1010 de
1172 943 1499 1030 Voltinia,
1555 966 1753 1029 quam
1798 948 1961 1028 quot
2005 944 2077 1009 in
2120 965 2203 1008 ea
2252 944 2438 1008 tribu

376 1038 624 1119 puncta
687 1033 947 1117 tuleris,
1009 1032 1260 1098 indicas
1327 1037 1445 1097 aut
1508 1054 1619 1099 eos
1679 1032 1872 1098 testis
1925 1036 1993 1097 te
2047 1032 2438 1116 producere,

319 1174 358 1238 3
379 1123 518 1207 qui,
570 1122 727 1207 quia
770 1142 1075 1188 nummos
1122 1121 1511 1204 acceperint,
1556 1125 1625 1186 te
1668 1120 2147 1205 praeterierint,
2196 1125 2325 1185 aut
2372 1126 2437 1185 te
2460 1147 2491 1184 ιο

379 1233 460 1275 ne
498 1210 795 1296 gratuita
832 1209 1095 1294 quidem
1132 1231 1359 1274 eorum
1397 1207 1709 1293 suffragia
1746 1208 1995 1274 tulisse.
2060 1206 2241 1272 Illud
2280 1231 2439 1274 vero

382 1299 631 1365 crimen
675 1299 756 1364 de
798 1297 1106 1381 nummis,
1154 1317 1319 1380 quos
1364 1296 1436 1361 in
1481 1297 1653 1362 circo
1700 1295 2026 1361 Flaminio
2075 1296 2439 1380 deprehen-

379 1408 490 1452 sos
527 1407 670 1452 esse
707 1385 952 1471 dixisti,
988 1385 1192 1451 caluit
1227 1405 1298 1450 re
1326 1384 1591 1469 recenti,
1626 1404 1799 1450 nunc
1826 1383 1898 1448 in
1923 1405 2121 1449 causa
2149 1384 2438 1449 refrixit.

379 1473 610 1559 Neque
667 1474 842 1538 enim
848 1524 866 1557 ,
923 1473 1036 1557 qui
1090 1472 1194 1536 illi
1241 1473 1493 1538 nummi
1537 1472 1785 1537 fuerint
1828 1493 1948 1537 nec
1996 1493 2163 1556 quae
2212 1474 2437 1538 tribus

377 1583 500 1628 nec
557 1561 670 1645 qui
724 1560 995 1645 divisor,
1052 1561 1360 1626 ostendis.
1451 1560 1673 1645 Atque
1727 1560 1787 1625 is
1844 1559 2104 1644 quidem
2154 1559 2436 1626 eductus
2461 1587 2493 1625 ιε

381 1651 464 1714 ad
510 1649 836 1733 eonsules,
896 1649 1009 1733 qui
1054 1653 1198 1713 tum
1243 1647 1315 1712 in
1360 1648 1607 1714 crimen
1649 1649 2033 1732 vocabatur,
2085 1669 2157 1712 se
2204 1648 2438 1734 inique

381 1760 422 1802 a
467 1736 602 1802 tuis
649 1737 970 1803 iactatum
1011 1737 1305 1822 graviter
1340 1737 1752 1821 querebatur.
1828 1735 1956 1812 Qui
1991 1735 2053 1800 si
2088 1740 2237 1802 erat
2280 1737 2438 1803 divi-

383 1847 509 1910 sor,
555 1825 945 1908 praesertim
991 1825 1148 1908 eius,
1197 1845 1393 1908 quem
1436 1829 1513 1889 tu
1556 1824 1847 1889 habebas
1893 1846 2097 1908 reum,
2145 1844 2269 1888 cur
2321 1827 2437 1890 abs

306 1966 310 1969 .
381 1917 447 1979 te
521 1933 671 1977 reus
734 1934 868 1979 non
930 1915 1032 1977 est
1094 1911 1356 1978 factus?
1422 1934 1536 1979 cur
1597 1934 1735 1980 non
1797 1911 1935 1977 eius
2006 1913 2437 1980 damnatione

382 2001 630 2085 aliquid
676 2001 758 2065 ad
801 2000 928 2066 hoe
973 2001 1287 2066 iudicium
1329 2001 1714 2085 praeiudicii
1760 2001 2207 2085 comparasti?
2458 2029 2491 2066 20

518 2088 645 2153 Sed
698 2109 910 2172 neque
965 2092 1042 2153 tu
1084 2089 1247 2154 haec
1291 2088 1495 2153 habes
1540 2111 1751 2173 neque
1796 2090 1891 2153 eis
1940 2088 2246 2173 confidis3
2310 2092 2439 2155 alia

380 2182 448 2242 te
513 2176 714 2261 ratic,
787 2176 918 2241 alia
981 2177 1300 2263 cogitatio
1365 2178 1448 2242 ad
1510 2199 1693 2261 spem
1755 2177 1949 2242 huius
2015 2178 2439 2260 opprimendi

383 2264 711 2329 excitavit.
790 2262 1072 2350 Magnae
1119 2268 1276 2330 sunt
1319 2264 1390 2330 in
1434 2269 1502 2330 te
1549 2286 1723 2349 opes,
1767 2265 1901 2329 late
1947 2268 2135 2349 patet
2183 2268 2441 2351 gratia3

383 2353 576 2416 multi
633 2352 854 2437 amici,
913 2352 1107 2417 multi
1163 2353 1380 2437 cupidi
1436 2352 1560 2436 tui,
1616 2353 1809 2417 multi
1863 2352 2157 2419 fautores
2216 2355 2440 2421 laudis

382 2443 554 2505 tuae.
619 2440 814 2505 Multi
850 2441 1004 2506 huie
1041 2440 1351 2524 invident,
1389 2440 1614 2505 multis
1653 2441 1855 2505 etiam
1888 2444 2097 2525 pater,
2135 2443 2441 2525 optimus
2464 2469 2497 2508 25

382 2528 501 2612 vir,
527 2528 805 2593 nimium
833 2529 1122 2594 retinens
1152 2530 1474 2614 equestris
1503 2528 1665 2593 iuris
1693 2532 1762 2593 et
1787 2528 2117 2593 libertatis
2142 2530 2447 2615 videtur3

383 2616 580 2682 multi
634 2616 835 2681 etiam
891 2638 1268 2683 communes
1321 2616 1572 2682 inimici
1625 2638 1887 2683 reorum
1938 2618 2265 2702 omnium,
2330 2622 2447 2705 qui

382 2706 482 2770 ita
535 2727 791 2789 semper
840 2705 1296 2771 testimonium
1341 2706 1418 2769 de
1464 2705 1719 2769 ambitu
1764 2704 2018 2789 dicunt,
2075 2707 2271 2790 quasi
2326 2713 2445 2773 aut

383 2797 690 2860 moveant
735 2793 989 2858 animos
1035 2794 1325 2859 iudicum
1370 2793 1505 2857 suis
1550 2792 1952 2857 testimoniis
2000 2797 2117 2857 aut
2162 2800 2444 2879 gratum

382 2881 628 2966 populo
674 2880 972 2946 Romano
1020 2881 1111 2945 sit
1156 2885 1273 2945 aut
1318 2881 1400 2946 ab
1444 2902 1519 2946 eo
1558 2880 1815 2946 facilius
1856 2881 1940 2945 ob
1979 2903 2125 2946 eam
2162 2904 2443 2948 causam
2466 2909 2501 2949 ³0

295 2990 363 3039 56
384 2969 805 3055 dignitatem,
862 2991 1059 3054 quam
1112 2969 1371 3051 volunt,
1426 2971 1925 3053 consequantur.
2023 2968 2443 3045 Quibuscum

353 3064 516 3141 'me,
562 3056 835 3141 iudices,
879 3062 1287 3143 pugnantem
1332 3078 1512 3121 more
1558 3078 1704 3121 meo
1750 3057 2034 3141 pristino
2079 3079 2217 3121 non
2261 3061 2440 3125 vide-

381 3145 572 3230 bitis3
625 3167 760 3209 non
805 3165 935 3229 quo
982 3145 1146 3209 mihi
1191 3144 1295 3208 fas
1342 3144 1431 3207 sit
1478 3144 1827 3229 quicquam
1874 3144 2209 3230 defugere,
2260 3148 2441 3231 quod

384 3233 562 3297 salus
610 3231 838 3296 Planci
882 3232 1202 3316 postulet,
1249 3232 1363 3296 sed
1410 3232 1564 3315 quia
1607 3255 1817 3317 neque
1862 3255 2126 3298 neeesse
2173 3237 2280 3297 est
2332 3258 2439 3299 me

382 3320 452 3382 id
505 3320 809 3402 persequi
864 3340 1050 3402 voce,
1108 3319 1282 3401 quod
1333 3341 1450 3383 vos
1507 3324 1723 3385 mente
1778 3320 2055 3386 videatis
2066 3372 2083 3404 ,
2138 3324 2207 3385 et
2256 3324 2440 3405 quod
2462 3348 2520 3399 35¹

383 3406 481 3467 ita
526 3406 604 3469 de
651 3427 754 3469 me
800 3406 1021 3470 meriti
1068 3408 1222 3469 sunt
1267 3400 1368 3469 illi
1412 3406 1568 3491 ipsi,
1616 3430 1779 3492 quos
1828 3430 1952 3495 ego
1999 3408 2190 3473 testis
2239 3410 2437 3475 video
2519 3404 2520 3415 ¹

383 3494 669 3574 paratOS,
713 3495 793 3555 ut
838 3513 1066 3556 eorum
1101 3493 1670 3576 reprehensionem
1707 3517 1824 3561 vos
1862 3500 2118 3561 vestrae
2155 3498 2439 3580 pruden-

273 1175 315 1238 2

293 1263 361 1313 55
