2550 3875
296 77 429 144 200
880 75 962 130 IN
998 75 1058 128 L.
1098 74 1428 130 PISONEM
1466 74 1754 131 ORATIO.

291 259 536 321 mores,
591 237 828 302 faciem
883 237 1159 322 denique
1215 258 1292 302 ac
1343 259 1584 302 nomen
1637 259 1677 302 a
1730 259 1799 301 re
1854 237 2120 321 publica
2168 238 2343 302 dete·

295 329 570 391 stantur.
643 324 881 412 Legati
920 325 1032 409 qui
1069 347 1200 388 una
1231 325 1515 408 fuerunt,
1562 326 1848 408 alienati,
1884 325 2135 390 tribuni
2172 326 2340 390 mili-

293 419 470 479 tares
505 414 783 497 inimici,
831 414 1268 497 centuriones,
1314 416 1381 477 et
1426 413 1484 477 si
1532 414 1645 497 qui
1691 436 1770 478 ex
1814 417 2000 478 tanto
2049 415 2339 478 exercitu

293 502 530 585 reliqui
567 503 812 566 milites
851 505 1111 566 exstant
1144 524 1279 566 non
1315 502 1570 566 dimissi
1607 503 1725 566 abs
1752 505 1837 586 te,
1875 503 1988 567 sed
2016 501 2338 585 dissipati,

291 594 359 655 te
391 591 684 674 oderunt,
711 589 838 654 tibi
865 593 1117 674 pestem
1145 593 1474 674 exoptant,
1500 593 1567 654 te
1596 594 2029 655 exsecrantur.
2083 590 2339 655 Achaia
2388 615 2417 656 5

293 678 628 762 exhausta,
673 678 1013 743 Thessalia
1057 682 1307 762 vexata,
1367 678 1687 742 laceratae
1732 678 2050 762 Athenae,
2096 677 2339 763 Dyrra-

293 767 513 832 chium
561 770 629 831 et
672 766 1030 850 Apollonia
1075 767 1421 849 exinanita,
1467 766 1823 831 Ambracia
1865 767 2136 851 direpta,
2182 766 2334 831 Par-

290 855 464 920 thini
508 858 574 919 et
609 854 995 919 Bulidenses
1031 854 1228 938 illusi,
1274 855 1519 938 Epirus
1558 855 1791 938 excisa,
1836 853 2051 938 Locri,
2085 854 2333 927 Phocii,

288 942 553 1008 Boeotii
635 943 874 1027 exusti,
953 943 1352 1025 Acarnania,
1427 941 1919 1027 Amphilochia,
1986 942 2336 1008 Perracbia

289 1031 866 1115 Athamanumque
937 1052 1098 1116 gens
1162 1031 1451 1114 vendita,
1523 1029 1907 1096 Macedonia
1971 1032 2334 1097 condonata
2362 1056 2416 1094 10

289 1121 610 1203 barbariS,
655 1120 922 1185 Aetolia
967 1120 1224 1202 amissa,
1269 1117 1561 1203 Dolopes
1605 1120 1997 1203 finitimique
2038 1119 2334 1184 montani

288 1209 574 1362 ΞὲΡῗέἐῗε
597 1208 1035 1382 ῗὲἕέῇὲἓῖἶῗι
1055 1210 1164 1360 ³1²3}
1167 1229 1415 1360 affl
1415 1207 2335 1380 ffssussvisscffi‘fflfiffipi?

1036 1347 1052 1378 7

292 1384 668 1468 culatorem,
713 1388 1105 1468 vexatorem,
1149 1385 1561 1467 praedonem,
1609 1385 1870 1450 hostem
1905 1384 2156 1449 venisse
2194 1404 2335 1448 sen-

199 1493 268 1541 97
291 1476 534 1538 serunt.
634 1472 740 1536 Ad
801 1473 1039 1536 horum
1103 1472 1396 1536 omnium
1446 1472 1687 1536 iudicia
1739 1476 1844 1537 tot
1898 1475 2091 1556 atque
2145 1475 2335 1536 tanta
2362 1498 2415 1538 15

290 1561 723 1625 domesticum
766 1560 1081 1624 iudicium
1123 1561 1399 1624 accessit
1445 1560 1831 1639 [sententiae
1896 1560 2335 1624 damnationis

288 1651 468 1730 tuae]
482 1700 500 1732 ,
566 1649 858 1713 occultus
923 1649 1263 1731 adventus,
1327 1647 1645 1713 furtivum
1698 1649 1826 1714 iter
1878 1670 1995 1732 per
2049 1648 2335 1731 Italiam,

289 1737 602 1801 introitus
647 1737 719 1800 in
761 1736 994 1800 urbem
1034 1736 1329 1800 desertus
1368 1738 1450 1800 ab
1489 1736 1735 1821 amicis,
1778 1737 1996 1816 nullae
2034 1737 2117 1802 ad
2154 1757 2337 1802 sena-

288 1829 434 1890 tum
480 1847 515 1889 e
550 1825 888 1908 provincia
922 1825 1202 1908 litterae,
1246 1825 1429 1889 nulla
1466 1847 1545 1889 ex
1580 1825 1773 1890 trinis
1811 1825 2078 1890 aestivis
2115 1829 2336 1910 gratu-

289 1913 472 1997 lati0,
515 1912 699 1978 nulla
745 1913 1066 1997 triumphi
1109 1913 1383 1997 menti03
1428 1934 1562 1978 non
1606 1914 1801 1979 modo
1840 1913 1998 1998 quid
2032 1914 2333 1999 gesseriS,
2364 1942 2418 1980 20
2543 1944 2544 1947 ¹

289 2002 404 2067 sed
463 2024 547 2066 ne
609 2002 844 2086 quibus
898 2002 971 2065 in
1022 2001 1186 2065 locis
1244 2003 1505 2085 quidem
1557 2001 1787 2088 fueris,
1852 2003 2062 2067 dicere
2119 2003 2336 2068 audes.

288 2090 392 2154 Ex
455 2091 573 2155 illo
638 2089 820 2154 fonte
881 2092 949 2153 et
1004 2090 1353 2154 seminario
1407 2090 1894 2174 triumphorum
1949 2113 2097 2155 cum
2153 2090 2337 2155 arida

288 2177 449 2243 folia
511 2178 771 2242 laureae
836 2177 1231 2263 rettulisses,
1297 2200 1445 2242 cum
1499 2200 1575 2243 ea
1629 2179 1886 2243 abiecta
1940 2179 2021 2243 ad
2073 2183 2337 2262 portam

290 2266 644 2350 reliquisti,
707 2271 851 2330 tum
909 2269 984 2330 tu
1038 2266 1178 2350 ipse
1235 2266 1313 2330 de
1369 2270 1435 2330 te
1493 2266 1799 2332 ‘retussa
1856 2266 2125 2331 vam'
2189 2290 2337 2351 pro-

286 2354 692 2420 nuntiavisti.
768 2353 896 2430 Qui
943 2355 999 2418 si
1041 2354 1210 2418 nihil
1257 2375 1554 2439 gesseras
1601 2355 1872 2441 dignum
1906 2355 2173 2439 honore,
2218 2355 2336 2419 ubi
2366 2376 2418 2417 25

289 2443 629 2526 exercitus,
666 2442 782 2507 ubi
815 2445 1134 2525 sumptus,
1169 2442 1287 2506 ubi
1314 2442 1679 2527 imperium,
1716 2444 1833 2508 ubi
1861 2443 1978 2507 illa
2002 2443 2337 2508 uberrima

287 2530 880 2614 supplicationibus
933 2530 1415 2613 triumphisque
1470 2531 1853 2615 provincia?
1947 2530 2064 2596 Sin
2115 2536 2337 2597 autem

290 2619 537 2703 aliquid
583 2640 845 2703 sperare
891 2618 1071 2683 visus
1110 2639 1279 2702 eraS,
1316 2620 1375 2682 si
1430 2619 1758 2704 cogitaras
1795 2619 1880 2703 id,
1928 2620 2101 2704 quod
2135 2620 2338 2703 impe·

287 2708 530 2771 ratoris
572 2729 830 2790 nomen,
878 2706 1052 2791 quod
1096 2706 1375 2770 laureati
1421 2706 1649 2791 fasces,
1696 2708 1867 2792 quod
1904 2707 2021 2771 illa
2065 2711 2336 2791 tropaea

284 2795 481 2879 plena
517 2794 849 2859 dedecoris
888 2796 956 2859 et
982 2794 1153 2858 risus
1181 2798 1246 2858 te
1278 2798 1790 2860 commentatum
1818 2816 1957 2861 esse
1988 2795 2337 2879 declarant,
2364 2822 2417 2862 so

287 2883 435 2967 quis
467 2886 537 2946 te
575 2883 895 2966 miserior,
943 2882 1090 2967 quis
1125 2885 1191 2946 te
1230 2883 1617 2967 damnatior,
1656 2885 1769 2968 qui
1803 2905 2011 2967 neque
2050 2884 2335 2949 scribere

286 2971 368 3034 ad
407 2976 710 3035 senatum
746 2992 785 3034 a
819 2974 886 3035 te
924 2970 1089 3034 bene
1126 2991 1266 3034 rem
1302 2972 1635 3055 publicam
1674 2992 1813 3037 esse
1844 2975 2099 3057 gestam
2125 2994 2335 3057 neque

173 3041 262 3103 41
285 3079 594 3142 praesens
650 3058 863 3123 dicere
921 3079 1118 3123 ausus
1174 3059 1290 3124 es‘?
1381 3058 1491 3124 An
1543 3063 1619 3124 tu
1672 3060 1864 3144 mihi,
1921 3060 2027 3124 cui
2080 3082 2339 3144 semper

197 3131 264 3180 9⁸
286 3146 384 3210 ita
427 3168 814 3230 persuasum
859 3145 1078 3231 fuerit,
1126 3168 1263 3211 non
1308 3148 1578 3231 eventis,
1622 3148 1737 3213 sed
1781 3148 1975 3212 factis
2023 3149 2336 3232 cuiusque

152 3314 155 3318 Ι
284 3233 619 3299 fortunam
673 3234 1022 3319 ponderari
1081 3257 1289 3319 neque
1344 3236 1416 3299 in
1460 3236 1725 3300 tabellis
1770 3258 2129 3320 paucorum
2175 3237 2336 3301 iudi·
2364 3261 2415 3301 35

286 3342 452 3399 cum,
499 3324 613 3387 sed
659 3322 731 3386 in
768 3323 1112 3387 sententiis
1152 3323 1445 3387 omnium
1485 3323 1726 3388 civium
1762 3324 2005 3389 famam
2040 3329 2339 3390 nostram

283 3408 746 3494 fortunamque
800 3411 1079 3495 pendere
1093 3461 1108 3491 ,
1175 3412 1296 3492 [te]
1353 3411 1801 3476 indemnatum
1856 3412 2063 3477 videri
2121 3418 2337 3498 putaS,
