2550 3875
330 206 464 270 544
582 205 660 260 IN
699 204 774 258 M.
815 202 1211 258 ANTONIUM
1247 202 1515 257 ORATIO
1555 201 1965 257 PHILIPPICA
2000 201 2151 257 xm.

331 367 550 432 ficiis
581 365 942 431 Caesaris
982 368 1058 429 et
1095 366 1336 429 talem
1374 365 1465 429 ab
1506 387 1591 429 eo
1631 364 2029 447 relictum,
2066 364 2372 446 qualem

333 457 500 540 ipse
564 450 931 537 mira·ris,'
995 489 1070 501 —-
1164 453 1491 536 Equidem
1547 472 1785 537 negare
1839 472 1974 516 non
2017 472 2291 535 possum
2334 473 2373 515 a

336 542 614 609 Caesare
659 540 955 605 Hirtium
1003 546 1308 606 ornatum
1322 592 1339 625 ,
1386 541 1499 605 sed
1543 541 1659 603 illa
1706 544 2092 605 ornamenta
2136 540 2209 603 in
2253 540 2375 604 vir-

337 634 481 695 tute
537 633 604 694 et
658 629 982 695 industria
1037 630 1259 713 posita
1305 630 1541 694 lucent.
1632 628 1732 692 Tu
1776 650 1959 711 1610,
2015 628 2129 711 qui
2174 632 2244 692 te
2291 629 2373 692 ab

338 719 566 785 eodem
604 715 880 783 Caesare
929 721 1234 781 ornatum
1277 738 1520 802 negare
1555 738 1690 781 non
1724 719 1935 800 potes,
1982 715 2141 799 quid
2178 737 2375 799 66666,
2428 736 2450 775 5

339 808 396 871 si
451 806 576 870 tibi
631 806 743 870 ille
797 826 933 869 non
986 809 1125 869 tam
1180 805 1391 870 multa
1445 804 1834 869 tribuisset?
1891 825 2093 887 ecquo
2143 808 2211 869 te
2261 808 2377 869 tua

337 894 548 959 virtus
593 894 1020 978 provexisset,
1066 915 1269 976 ecquo
1318 914 1523 978 genus
1568 892 1775 957 vitae?
1856 890 1937 956 In
1972 892 2219 975 lustris,
2266 914 2379 976 po-

337 982 539 1068 pinis,
598 983 765 1066 alea,
811 982 963 1046 vino
1010 984 1270 1064 tempus
1319 981 1554 1045 aetatis
1602 1001 1791 1046 omne
1839 981 2379 1064 consumpsisses,

337 1074 417 1135 ut
473 1069 787 1153 faciebas,
843 1091 992 1134 cum
1036 1070 1109 1133 in
1151 1070 1421 1155 gremiis
1466 1069 1813 1135 mimarum
1858 1072 2157 1133 mentum
2202 1090 2379 1134 men-

339 1163 603 1242 temque
649 1158 1022 1242 deponeres.
1115 1155 1223 1221 ‘et
1268 1162 1371 1241 te,
1428 1179 1465 1222 o
1510 1156 1746 1242 puer,'
1800 1193 1876 1203 —
1928 1157 2215 1221 Puerum
2268 1180 2377 1241 ap·
2405 1178 2451 1217 ιο

339 1248 564 1331 pellat,
611 1267 804 1330 quem
848 1267 982 1310 non
1028 1245 1219 1310 modo
1266 1246 1499 1329 virum,
1546 1246 1658 1309 sed
1701 1245 1901 1309 etiam
1936 1244 2379 1310 fortissimum

340 1336 554 1400 virum
619 1334 824 1399 sensit
888 1337 956 1398 et
1019 1334 1276 1397 sentiet.
1383 1333 1510 1397 Est
1573 1333 1743 1397 istuc
1812 1333 2072 1417 quidem
2135 1355 2380 1399 nomen

344 1423 600 1505 aetatis,
637 1422 750 1487 sed
789 1421 868 1485 ab
903 1443 979 1486 eo
1009 1421 1276 1486 minime
1303 1422 1765 1505 usurpandum,
1804 1421 1917 1504 qui
1946 1443 2131 1485 suam
2162 1444 2379 1487 amen-

253 1532 322 1581 25
343 1512 508 1575 tiam
560 1531 762 1593 puero
816 1509 969 1574 huic
1025 1510 1296 1592 praebet
1351 1510 1433 1575 ad
1486 1510 1782 1595 gloriam.
1889 1508 2053 1593 ‘qui
2118 1512 2380 1575 omnia

341 1598 638 1663 nomini
694 1595 973 1680 debeS,³
1031 1633 1116 1643 —
1161 1596 1379 1662 Debet
1432 1619 1585 1663 vero
1643 1597 1969 1680 solvitque
2066 1600 2378 1664 raeclare.
2406 1618 2453 1659 15

345 1684 417 1751 Si
463 1686 638 1750 enim
681 1685 794 1749 ille
839 1685 1094 1768 patriae
1137 1708 1393 1769 parenS,
1437 1689 1513 1750 ut
1558 1689 1634 1749 tu
1680 1686 1970 1769 appellas
2019 1620 2172 1771 {ego
2222 1688 2379 1771 quid

344 1774 649 1857 sentiam,
703 1770 982 1858 videro),
1038 1795 1152 1837 cur
1204 1796 1339 1839 non
1392 1774 1501 1838 hic
1556 1795 1790 1857 parens
1846 1774 2088 1857 verior,
2152 1796 2192 1838 a
2247 1797 2377 1859 quo

345 1866 520 1928 certe
572 1862 777 1926 vitam
821 1859 1139 1925 habemus
1187 1883 1221 1925 e
1268 1862 1403 1925 tuis
1449 1861 2021 1940 facinerosissimis
2070 1864 2377 1928 manibus

346 1951 682 2035 ereptam?
731 1949 834 2014 ‘id
884 1971 1136 2035 agere,
1181 1954 1266 2014 ut
1312 1951 1477 2014 11116
1526 1951 1937 2015 damnatus
1987 1951 2095 2014 sit
2138 1951 2379 2016 Dola-

344 2038 602 2117 bella,’
642 2073 726 2086 —
764 2037 1049 2121 Turpem
1084 2060 1237 2103 vcro
1286 2039 1629 2123 actionem,
1674 2060 1804 2122 qua
1842 2035 2210 2104 defenditur
2246 2063 2379 2105 am·
2406 2061 2457 2100 20
2546 2091 2548 2096 .

345 2127 628 2212 plissimi
681 2126 1038 2190 auctoritas
1085 2127 1331 2190 ordinis
1378 2131 1607 2191 contra
1652 2127 2083 2191 crudelissimi
2130 2129 2379 2212 gladia-

348 2215 513 2280 toris
578 2215 956 2279 amentiam!
1022 2212 1132 2278 ‘et
1193 2218 1278 2278 ut
1332 2213 1683 2279 venefica
1744 2215 1931 2279 haec
1985 2216 2381 2282 liberetur

349 2302 758 2366 obsidione
768 2300 808 2384 ‚’
847 2337 933 2351 —-
970 2301 1349 2367 Veneficam
1386 2303 1580 2366 audes
1611 2303 1937 2386 appellare
1966 2325 2115 2368 eum
2142 2306 2379 2389 virum,

350 2389 464 2473 qui
509 2389 642 2453 tuis
688 2389 1014 2453 veneficiis
1061 2391 1346 2455 remedia
1389 2391 1682 2454 invenit?
1730 2412 1924 2474 quem
1960 2391 2057 2455 ita
2093 2392 2379 2477 obsides,

347 2499 513 2542 nove
567 2476 924 2552 Hannibal,
990 2481 1103 2542 aut
1167 2478 1224 2543 si
1289 2478 1433 2562 quis
1499 2479 1754 2543 acutior
1815 2479 2177 2563 imperator
2231 2481 2380 2565 fuit,
2407 2503 2455 2542 25

351 2569 428 2630 ut
472 2569 538 2629 te
584 2565 723 2649 ipse
769 2564 1069 2629 obsideas
1113 2587 1324 2649 neque
1369 2571 1435 2630 te
1480 2566 1704 2650 istinc,
1760 2567 1817 2630 si
1863 2569 2114 2652 cupias,
2158 2571 2379 2652 possis

353 2654 692 2738 explicare.
801 2653 1198 2737 Recesseris,
1269 2655 1553 2737 undique
1628 2675 1853 2720 01111166
1924 2655 2380 2742 insequentur3

351 2742 686 2824 manseris,
720 2741 1038 2806 haerebis,
1101 2740 1433 2806 Nimirum
1469 2747 1645 2807 recte
1681 2743 2034 2808 veneficam
2062 2746 2379 2830 appellas,

353 2853 392 2895 a
465 2852 593 2914 quo
669 2830 795 2894 tibi
865 2833 1274 2913 praesentem
1346 2835 1601 2914 pestem
1663 2831 1843 2895 vides
1911 2839 2379 2916 comparatam.

353 2916 471 2982 ‘ut
516 2939 740 3001 quam
777 2918 1381 3002 potentissimus
1421 2919 1527 2982 sit
1564 2918 1879 2985 Cassius
1919 2924 2150 3004 atque
2188 2919 2380 2986 Bru·
2407 2943 2455 2983 so

266 3019 334 3067 26
352 3010 438 3070 tu
450 3004 521 3070 s.'
623 3004 823 3070 Putes
888 3004 1316 3071 Censorinum
1378 3006 1590 3072 dicere
1654 3011 1769 3070 aut
1822 3006 2205 3073 Ventidium
2262 3014 2381 3074 aut

355 3094 555 3158 etiam
616 3093 796 3177 ipsos
860 3094 1204 3159 Antonios.
1314 3095 1448 3160 Cur
1509 3099 1728 3160 autem
1789 3097 2007 3161 nolint
2071 3101 2379 3180 potentes

355 3202 497 3246 esse
559 3189 695 3246 non
752 3181 944 3246 modo
1011 3182 1296 3265 optimos
1362 3187 1428 3247 et
1489 3183 1937 3249 nobilissimos
1996 3185 2197 3268 viros,
2262 3188 2381 3250 sed

356 3289 575 3332 secum
638 3268 837 3332 etiam
899 3269 970 3332 in
1022 3270 1118 3334 rei
1171 3270 1468 3354 publicae
1524 3271 1893 3337 defensione
1950 3273 2379 3338 coniunctos?

357 3353 772 3419 ‘Nimirum
792 3356 1052 3421 eodem
1073 3358 1290 3422 modo
1310 3358 1497 3423 haec
1517 3359 2379 3444 adspicitis‚utpriora.'
2407 3384 2455 3424 ³⁶

311 3459 316 3466 ·
361 3441 540 3514 Quae
585 3443 892 3507 tandem?
944 3443 1245 3509 ‘Castra
1282 3444 1597 3529 Pompei
1636 3451 1988 3513 senatum
2034 3449 2379 3532 appella-

257 3520 338 3582 12
359 3527 607 3591 batis?
674 3529 779 3593 An
824 3551 975 3595 vero
1023 3535 1138 3594 tua
1179 3536 1394 3596 castra
1429 3533 1649 3616 potius
1689 3539 1987 3600 senatum
2024 3537 2379 3620 appellare—
