2550 3875
381 166 514 230 558
625 166 706 219 m
744 166 820 221 M.
860 164 1254 221 ANTONIUM
1294 164 1564 220 01111110
1601 164 2007 219 PHJLIPPmA
2044 163 2193 217 ΧΠ.
2544 144 2546 235 ξ

381 328 749 411 denuntiat,
793 326 1176 391 Dolabellae
1232 327 1444 391 ferum
1488 331 1555 392 et
1599 328 1859 390 inmane
1905 324 2187 407 facinuS,
2247 324 2419 407 quod

381 417 564 481 nulla
616 415 922 479 barbaria
975 420 1202 498 posset
1257 437 1633 501 agnoscere,
1687 416 1755 478 id
1801 436 1917 479 suo
1967 412 2245 479 consilio
2292 412 2420 476 fac-

383 513 527 568 tum
576 525 717 567 esse
757 507 1058 587 testatur,
1105 525 1396 588 quaeque
1434 507 1607 569 esset
1641 501 1990 567 facturus
1970 524 2041 566 111
2074 501 2202 565 hac
2238 501 2420 584 urbe,
2525 581 2534 590 Ι

381 592 509 655 nisi
557 613 704 656 eum
747 591 856 656 hic
902 591 1041 675 ipse
1079 591 1378 676 Iuppiter
1424 594 1505 655 ab
1550 592 1677 656 hoc
1719 591 1968 675 templo
2007 592 2206 673 atque
2245 609 2417 652 moe-
2524 637 2532 646 .

381 680 574 743 nibus
603 680 1016 764 reppulisset,
1052 679 1452 744 declaravit
1434 703 1505 743 111
1530 678 1984 744 Parmensium
2020 675 2483 760 calamitate,5

384 789 547 851 quos
596 767 879 851 optimos
916 767 1092 832 viros
1127 767 1759 851 honestissimosque
1796 766 2092 831 homines
2130 765 2416 829 maxime
2541 828 2543 831 ,

383 877 530 920 cum
569 856 963 921 auctoritate
999 856 1193 921 huius
1234 855 1479 920 ordinis
1516 856 1868 940 populique
1897 853 2179 919 Romani
2209 852 2546 943 digni-1

383 947 521 1008 tate
577 944 958 1009 coniunctos
1012 943 1479 1009 crudelissimis
1528 943 1838 1027 exemplis
1884 941 2225 1007 interemit
2269 962 2415 1025 pro·
2544 944 2546 989 ⁴

383 1032 653 1115 pudium
724 1032 889 1096 illud
960 1036 1030 1096 et
1098 1036 1508 1115 portentum,
1578 1030 1652 1095 L.
1724 1030 2082 1114 AntoniuS,
2153 1028 2412 1113 insigne

384 1120 605 1184 odium
643 1119 934 1184 omnium
967 1120 1311 1184 hominum
1346 1121 1468 1203 vel,
1506 1120 1563 1184 si
1592 1119 1792 1183 etiam
1821 1119 1886 1183 di
1915 1120 2211 1200 oderunt,
2251 1139 2411 1201 quos
2438 1144 2479 1183 ιο
2545 1134 2546 1137 ’

330 1226 364 1273 9
385 1212 674 1291 oportet,
729 1208 1013 1273 deorum.
1104 1208 1378 1293 Refugit
1434 1208 1717 1291 animus,
1770 1211 1992 1291 patres
2040 1205 2414 1289 conscripti,

383 1317 585 1379 eaque
627 1296 839 1360 dicere
876 1294 1276 1379 reformidat,
1325 1318 1488 1379 quae
1526 1294 1600 1360 L.
1637 1295 1965 1360 Antonius
2000 1294 2073 1359 in
2106 1293 2415 1358 Parmen-

382 1384 553 1448 sium
607 1384 832 1448 liberis
879 1387 948 1448 et
993 1384 1381 1469 coniugibus
1428 1384 1731 1449 effecerit.
1824 1382 2001 1460 Quas
2061 1382 2239 1446 enim
2284 1386 2414 1445 tur—

381 1471 709 1554 pitudines
773 1471 1050 1536 Antonii
1121 1472 1405 1537 libenter
1468 1494 1617 1537 cum
1680 1472 1989 1537 dedecore
2054 1469 2413 1553 subierunt,

383 1559 640 1623 easdem
694 1582 812 1644 per
857 1560 993 1624 vim
1037 1560 1368 1625 laetantur
1414 1560 1561 1625 aliis
1609 1582 1677 1625 se
1722 1560 2043 1625 intulisse.
2126 1556 2269 1623 Sed
2314 1560 2410 1622 vis
2438 1582 2477 1623 u
2545 1558 2546 1641 ζ

384 1647 770 1711 calamitosa
806 1652 925 1731 est,
973 1670 1170 1732 quam
1206 1648 1341 1713 illis
1382 1648 1780 1731 obtulenmt,
1819 1648 2023 1712 libido
2061 1646 2412 1732 flagitiosa,
2544 1690 2546 1735 <

277 1739 509 1835 (4)qua
545 1734 986 1800 Antoniorum
1025 1735 1233 1801 oblita
1269 1740 1371 1800 est
1408 1737 1563 1801 vita.
1639 1736 1767 1801 Est
1801 1736 2008 1821 igitur
2046 1736 2413 1819 quisquam,
2545 1746 2546 1755 ‘

384 1846 496 1907 qui
541 1822 754 1888 hostis
802 1823 1130 1907 appellare
1175 1846 1311 1889 non
1356 1825 1617 1908 audeat,
1663 1846 1941 1908 quorum
1989 1824 2230 1888 scelere
2279 1846 2412 1889 cru-
2545 1852 2546 1913 ᾗ

321 1920 365 1984 4
384 1911 723 1977 delitatem
749 1910 1394 2015 Carthaginiensium
1430 1913 1672 1980 victam
1701 1935 1842 1978 esse
1871 1912 2204 1978 fateatur?
2274 1912 2413 2014 Qua
2545 1997 2546 2004 ἵ

383 2001 556 2065 enim
609 2001 679 2065 in
731 2002 892 2065 urbe
949 2006 1088 2065 tam
1140 2000 1425 2066 inmanis
1471 2000 1803 2066 Hannibal
1859 2005 2051 2085 capta
2102 2022 2305 2084 quam
2347 2001 2415 2065 111
2440 2025 2480 2064 20
2545 2005 2546 2052 1

380 2088 620 2153 Parma
675 2092 976 2173 surrepta
1028 2089 1404 2154 Antonius?
1458 2090 1588 2155 nisi
1642 2089 1814 2155 forte
1866 2090 2062 2155 huius
2117 2089 2413 2155 coloniae

384 2179 452 2240 et
489 2180 872 2260 ceterarum,
908 2177 978 2242 in
1014 2199 1175 2260 quas
1215 2178 1442 2242 eodem
1480 2183 1583 2243 est
1618 2178 1855 2263 animo,
1890 2199 2026 2243 non
2062 2181 2165 2242 est
2200 2177 2415 2243 hostis

297 2282 364 2331 10
382 2264 727 2346 putandus.
821 2228 892 2329 S'i
947 2286 1100 2329 vero
1162 2266 1564 2330 coloniarum
1609 2270 1678 2331 et
1723 2265 2231 2350 municipiorum
2278 2267 2415 2331 sine
2545 2311 2546 2320 .

382 2350 520 2414 ulla
553 2351 962 2417 dubitatione
997 2353 1211 2418 hostis
1249 2358 1368 2432 est,
1408 2354 1562 2438 quid
1599 2355 1864 2419 tandem
1898 2354 2094 2419 huius
2132 2355 2415 2455 censetis

382 2438 584 2522 urbiS,
631 2462 827 2523 quam
871 2439 983 2505 ille
1033 2441 1114 2505 ad
1161 2404 1508 2525 explendas
1556 2446 1885 2528 egestates
1931 2441 2267 2507 latrocimi
2316 2442 2415 2507 sui
2440 2465 2483 2506 a
2536 2465 2547 2524 ,ς

381 2489 770 2611 concupivit,
799 2549 996 2611 quam
1023 2529 1155 2593 iam
1175 2530 1428 2612 peritus
1449 2533 1740 2595 metator
1768 2535 1835 2596 et
1864 2530 2139 2595 callidus
2169 2531 2416 2596 decem-

379 2620 546 2698 peda
618 2637 737 2680 sua
821 2613 991 2680 Saxa
1065 2617 1421 2682 diviserat?
1521 2617 1978 2684 Recordamini
1992 2669 2011 2703 ,
2074 2640 2194 2703 per
2259 2620 2415 2684 deos

378 2703 788 2768 inmortales!
833 2708 1055 2788 patres
1103 2706 1477 2791 conscripti,
1527 2707 1683 2791 quid
1722 2706 1847 2772 hoc
1884 2707 2083 2772 biduo
2122 2707 2415 2773 timueri-

380 2813 526 2857 mus
590 2813 630 2856 a
689 2792 1064 2858 domesticis
1117 2793 1423 2858 hostibus
1477 2795 1847 2859 rumoribus
1903 2795 2414 2878 improbissimis

380 2879 734 2963 dissipatis.
825 2880 984 2956 Quis
1031 2881 1303 2966 liberos,
1349 2882 1494 2967 quis
1541 2883 1885 2968 coniugem
1935 2883 2226 2966 aspicere
2271 2889 2415 2969 pot-
2438 2905 2483 2945 ω

379 2971 522 3031 erat
581 2967 720 3032 sine
774 2967 961 3052 fletu,
1017 2969 1163 3052 quis
1212 2970 1505 3055 domum,
1562 2971 1707 3055 quis
1755 2975 1958 3055 tecta,
2012 2971 2160 3055 quis
2207 2972 2417 3038 larem

378 3054 812 3120 familiarem?
922 3056 1060 3120 Aut
1131 3057 1577 3122 foedissimam
1648 3063 1929 3123 mortem
2004 3081 2232 3125 omnes
2301 3064 2416 3126 aut

378 3143 819 3208 miserabilem
862 3143 1090 3230 fugam
1136 3146 1537 3240 cogitabant
1628 3145 1809 3212 Haec
1856 3169 1895 3211 a
1940 3148 2179 3231 quibus
2228 3149 2414 3214 time-

379 3230 646 3314 bantur,
702 3253 814 3296 eos
864 3231 1091 3297 hostes
1139 3227 1469 3316 appellare
1512 3235 1932 3300 dubitamus?
2025 3234 2310 3302 Gravius
2358 3237 2413 3301 si
2545 3263 2546 3284 ¹

379 3317 526 3399 quis
583 3318 883 3383 attulerit
926 3342 1191 3404 nomen,
1244 3321 1529 3386 libenter
1574 3323 1929 3408 adsentiar,
1980 3323 2108 3390 hoc
2152 3325 2413 3410 vulgari
2436 3345 2476 3385 s

380 3407 725 3469 contentus
771 3407 880 3470 vix
926 3429 1096 3491 sum,
1143 3409 1385 3474 leviore
1430 3431 1563 3474 non
1607 3414 1774 3476 utar.

295 3499 356 3547 11
468 3489 726 3574 Itaque,
781 3514 928 3557 cum
985 3496 1493 3578 supplicationes
1538 3497 1934 3564 iustissimas
1981 3521 2060 3563 ex
2105 3499 2189 3564 iis
2236 3499 2411 3564 litte-
