2550 3875
841 189 994 246 CAP
1037 197 1174 246 1-2
1212 198 1242 258 ς
1283 197 1436 248 1-3,
2066 195 2154 260 83

128 352 319 417 festis
381 352 679 437 ludisque
733 353 1041 438 publicis,
1097 354 1397 418 omnibus
1450 354 1819 421 forensibus
1871 358 2157 442 1168013118

128 440 524 506 intermissis
559 461 762 506 unum
796 441 924 506 hoc
958 442 1271 507 iudicium
1308 446 1697 528 exerceatur,
1732 465 1853 508 nec
1884 444 2156 529 dubitet,

131 529 292 612 quin
325 529 496 594 tanti
533 527 844 594 facinoris
881 551 1029 595 reus
1067 534 1397 615 arguatur,
1441 534 1518 595 ut
1554 553 1630 597 eo
1665 532 1967 618 1168160130
2005 533 2156 598 civi-

129 620 236 681 tas
271 620 446 682 stare
481 639 616 682 non
649 617 885 702 possit3
921 618 1095 682 idem
1131 640 1278 683 cum
1306 619 1529 683 audiat
1556 640 1695 684 esse
1723 619 1954 706 legem,
1992 643 2154 706 quae

80 726 106 766 5
131 705 213 769 de
253 705 584 770 seditiosis
621 706 1204 791 consceleratisque
1241 707 1511 791 civibus,
1557 708 1669 792 qui
1706 709 1941 773 armati
1978 730 2155 773 sena-

130 796 274 858 tum
347 793 746 877 obsederint,
817 794 1315 879 magistratibus
1379 795 1512 860 vim
1576 796 1943 880 attulerint,
2015 818 2154 861 rem

130 882 463 965 publicam
519 882 994 968 oppugnarint,
1059 883 1295 948 cotidie
1352 883 1575 967 quaeri
1628 884 1877 948 iubeat:
1940 885 2149 970 legem

129 992 264 1035 non
307 970 652 1054 improbet,
699 970 945 1035 crimen
990 971 1161 1055 quod
1206 975 1501 1036 versetur
1535 973 1607 1036 in
1641 971 1900 1056 iudicio,
1946 974 2154 1059 requi-

130 1062 263 1143 rat3
336 1081 484 1124 cum
547 1059 770 1125 audiat
829 1059 1084 1123 nullum
1145 1058 1427 1144 facinus,
1486 1060 1737 1124 nullam
1801 1024 2153 1145 audaciam,

57 1171 105 1210 ιο
128 1109 380 1211 1111118111
430 1147 564 1211 vim
609 1147 681 1212 in
723 1147 1036 1212 iudicium
1080 1147 1327 1231 vocari,
1384 1149 1498 1212 sed
1542 1148 2017 1214 adulescentem
2061 1150 2137 1213 in·

129 1236 324 1300 lustri
369 1235 652 1321 ingenio,
700 1235 1038 1319 industria,
1084 1236 1301 1321 gratia
1346 1235 1637 1302 accusari
1684 1237 1764 1300 ab
1814 1237 1952 1302 eius
1996 1237 2154 1319 filio,

131 1347 325 1408 quem
369 1324 510 1408 ipse
554 1324 626 1389 in
667 1323 982 1388 iudicium
1027 1327 1094 1387 et
1137 1326 1327 1389 vocet
1372 1328 1439 1389 et
1474 1325 1743 1408 vocarit,
1790 1326 2154 1410 oppugnari

131 1416 352 1478 autem
416 1413 650 1496 opibus
715 1411 1126 1477 meretriciis:
1201 1412 1547 1494 [Atratini]
1608 1413 1789 1478 illius
1842 1414 2156 1497 pietatem

128 1523 266 1566 non
309 1500 754 1585 reprehendat,
800 1500 1180 1564 muliebrem
1224 1500 1565 1565 libidinem
1606 1501 2157 1584 comprimendam

59 1612 103 1653 15
128 1593 345 1674 putet,
399 1610 516 1654 vos
571 1588 938 1654 laboriosos
989 1588 1344 1673 existimet,
1399 1589 1636 1672 quibus
1684 1590 1913 1654 otiosis
1957 1611 2039 1654 ne
2084 1590 2153 1654 in

130 1677 462 1743 communi
498 1677 758 1762 quidem
797 1677 932 1741 otio
968 1676 1164 1741 liccat
1200 1698 1358 1742 esse.
1420 1677 1686 1743 Etenim
1722 1677 1782 1743 si
1808 1678 2152 1742 adtendere
2172 1688 2205 1737 2

129 1768 495 1853 diligenter,
531 1765 903 1830 existimare
934 1787 1082 1829 vere
1111 1766 1189 1830 de
1219 1765 1399 1830 omni
1422 1765 1548 1830 hac
1575 1787 1771 1830 causa
1796 1766 2155 1849 volueritis,

129 1856 225 1921 sic
274 1854 714 1939 constituetis,
768 1853 1042 1938 iudices,
1095 1876 1217 1919 nec
1262 1855 1720 1919 descensurum
1766 1875 2155 1940 quemquam

131 1945 213 2009 ad
248 1944 420 2009 hanc
456 1943 934 2008 accusationem
969 1942 1190 2028 fuisse,
1236 1944 1360 2027 cui,
1402 1946 1625 2008 utrum
1660 1943 1875 2027 vellet,
1909 1943 2155 2024 liceret,

63 2057 106 2097 ιο
128 2056 266 2117 1166,
305 2054 453 2098 cum
489 2031 942 2115 descendisset,
979 2032 1327 2117 quicquam
1360 2030 1740 2096 habiturum
1768 2032 1908 2115 spei
1934 2031 2154 2113 fuisse,

127 2122 260 2187 nisi
305 2120 581 2185 alicuius
624 2119 1024 2185 intolerabili
1068 2120 1359 2185 lubidine
1397 2122 1465 2183 et
1496 2119 1695 2183 nimis
1731 2120 1966 2184 acerbo
2005 2120 2153 2184 odio

128 2209 465 2275 niteretur.
513 2206 641 2273 Sed
661 2229 783 2294 ego
801 2207 1128 2292 Atratin0,
1154 2207 1647 2272 humanissumo
1668 2210 1862 2292 atque
1883 2210 2152 2293 o’ptumo

131 2296 532 2363 adulescenti
575 2318 720 2361 meo
764 2296 1158 2380 necessario,
1213 2296 1513 2382 ignosco,
1568 2296 1681 2381 qui
1724 2295 1925 2359 habet
1971 2316 2155 2360 excu-

129 2386 453 2452 sationem
506 2385 609 2450 1161
662 2384 927 2468 pietatis
985 2384 1088 2449 vel
1130 2384 1541 2449 necessitatis
1586 2383 1691 2448 vel
1736 2384 1989 2455 aetatis.
2083 2382 2154 2448 Si

59 2497 104 2537 25
130 2475 344 2541 voluit
389 2494 718 2556 accusare,
770 2472 1004 2557 pietati
1048 2472 1297 2555 tribue,
1343 2472 1402 2537 si
1445 2473 1663 2537 iussus
1710 2475 1836 2556 est,
1880 2472 2156 2537 necessi-

127 2563 273 2646 tati,
319 2563 378 2627 si
423 2562 709 2645 speravit
752 2560 1016 2646 aliquid,
1060 2523 1395 2644 pueritiae.
1488 2558 1737 2625 Ceteris
1781 2580 1915 2624 non
1960 2560 2153 2624 modo

127 2614 298 2716 nihil
341 2651 827 2735 ignoscendum,
871 2649 986 2713 sed
1031 2648 1230 2712 etiam
1277 2648 1515 2713 acriter
1560 2650 1661 2713 est
1703 2647 2153 2712 resistendum.

261 2738 365 2804 Ac
425 2738 592 2802 mihi
653 2737 913 2822 quidem
975 2736 1257 2820 videtur,
1329 2736 1601 2820 iudices,
1671 2736 1782 2801 hic
1842 2736 2153 2801 introitus
2173 2710 2219 2774 2

131 2826 526 2893 defensionis
582 2824 1054 2891 adulescentiae
1100 2823 1188 2888 M.
1235 2822 1416 2889 Caeli
1465 2824 1744 2889 maxime
1793 2825 2153 2907 convenire,
2173 2801 2205 2848 3
2259 2859 2262 2863 ·

61 2938 107 2977 so
131 2920 206 2981 ut
261 2915 343 2979 ad
397 2936 498 2998 ea,
554 2935 717 2999 quae
772 2916 1180 2978 accusatores
1237 2912 1639 2977 deformandi
1690 2911 1887 2977 huius
1943 2932 2155 2995 causa,

133 3002 564 3069 detrahendae
619 3002 1120 3086 spoliandaeque
1176 3000 1519 3086 dignitatis
1575 3000 1791 3087 gratia
1835 3000 2155 3082 dixerunt,

130 3093 416 3175 primum
460 3090 901 3173 respondeam.
994 3088 1307 3154 Obiectus
1352 3092 1455 3155 est
1497 3093 1685 3172 pater
1730 3088 1935 3171 varie,
1982 3086 2155 3171 quod

132 3184 244 3246 aut
287 3200 521 3265 parum
566 3178 940 3263 splendidus
985 3178 1126 3260 ipse
1172 3180 1288 3242 aut
1328 3199 1562 3261 parum
1605 3176 1713 3261 pie
1758 3178 2078 3241 tractatus
2117 3196 2156 3238 a

131 3268 267 3333 filio
305 3268 644 3333 diceretur.
715 3265 816 3331 De
853 3266 1172 3351 dignitate
1208 3267 1305 3330 M.
1334 3264 1595 3332 Caelius
1630 3264 1808 3329 notis
1846 3285 1921 3327 ac
1957 3263 2155 3327 maio-

63 3380 106 3422 15
131 3356 313 3422 ribus
354 3359 517 3420 natu
563 3358 630 3420 et
673 3355 812 3419 sine
858 3375 1003 3419 mea
1049 3354 1343 3419 oratione
1390 3357 1457 3418 et
1500 3352 1742 3417 tacitus
1786 3350 1977 3417 facile
2014 3352 2155 3435 ipse

12 3434 24 3465 ¹
131 3444 504 3529 respondet3
541 3444 778 3545 quibus
816 3446 1035 3507 autem
1069 3445 1340 3526 propter
1366 3442 1786 3524 senectutem,
1823 3440 2042 3526 quod
2022 3460 2157 3503 18111

131 3534 241 3598 diu
295 3532 511 3597 minus
565 3532 636 3597 in
688 3530 833 3595 foro
886 3528 1356 3615 nobiscumque
1400 3531 1723 3612 versatur,
1776 3550 1910 3592 non
1955 3548 2155 3612 aeque

1762 3628 1834 3683 6*
