2550 3875
815 153 971 211 CAP.
1013 161 1221 211 13—-15
1261 163 1292 222 5
1331 119 1558 212 33-34.
2081 155 2212 220 175

164 320 541 402 putaretur,
598 322 797 402 atque
849 317 963 381 ille
1020 317 1207 382 dolor
1262 339 1446 382 meus
1494 318 1861 402 dumtaxat,
1917 321 2210 382 vestrum

167 406 433 490 quidem
479 406 691 470 scelus
738 427 813 470 ac
860 405 1135 470 dedecus
1180 406 1550 471 haberetur.
1643 405 1809 472 Cum
1854 428 2007 470 vero
2057 403 2210 491 (for-

168 495 345 560 sitan
397 494 551 578 hoc,
617 493 789 579 quod
844 494 1137 559 dicturus
1192 515 1366 578 sum,
1427 494 1728 559 mirabile
1786 494 2013 558 auditu
2069 515 2210 558 esse

166 583 485 666 videatur,
522 582 635 647 sed
673 585 849 648 certe
876 580 946 646 id
973 581 1202 665 dicam,
1240 582 1413 667 quod
1443 581 1682 667 sentio)
1718 618 1794 629 —
1830 605 1978 646 cum
2006 583 2214 647 tantis

114 689 141 729 5
169 693 209 734 a
250 670 471 754 vobis,
514 673 737 756 patres
785 671 1155 755 conscripti,
1201 670 1535 734 beneficiis
1583 671 1852 735 affectus
1899 671 2026 734 sim
2071 674 2211 734 tan-

168 759 387 844 tisque
444 759 832 842 honoribus,
894 780 1029 823 non
1082 758 1276 824 modo
1334 759 1519 824 illam
1574 759 2014 824 calamitatem
2069 780 2213 822 esse

166 869 302 912 non
348 847 543 931 duco,
594 846 733 930 sed,
778 847 838 912 si
885 847 1039 930 quid
1084 846 1250 911 mihi
1293 849 1515 931 potest
1560 869 1600 910 a
1644 869 1714 911 re
1760 847 2024 931 publica
2069 868 2210 910 esse

170 935 559 1018 seiunctum,
605 935 778 1019 quod
822 934 933 999 vix
971 938 1211 1019 potest,
1254 935 1567 1019 privatim
1603 936 1684 998 ad
1721 957 1938 1000 meum
1970 956 2214 999 nomen

170 1022 567 1108 augendum,
614 1022 965 1108 optandam
1014 1023 1177 1088 duco
1226 1023 1389 1087 mihi
1435 1023 1637 1088 fuisse
1683 1023 1867 1087 illam
1913 1027 2212 1107 expeten—

92 1128 143 1168 ιο
169 1112 447 1196 damque
502 1111 853 1176 fortunam.
944 1109 1163 1196 Atque
1210 1115 1288 1176 ut
1331 1115 1519 1176 tuum
1564 1112 1995 1176 laetissimum
2041 1111 2212 1174 diem
2231 1123 2303 1171 33

170 1222 321 1264 cum
379 1199 760 1264 tristissimo
817 1221 963 1264 meo
1022 1199 1378 1283 conferam,
1445 1191 1668 1264 utrum
1721 1200 1985 1264 tandem
2038 1200 2212 1264 bono

166 1288 311 1352 viro
360 1291 428 1351 et
474 1287 754 1372 sapienti
792 1287 1150 1371 optabilius
1185 1292 1401 1373 putas,
1443 1288 1538 1352 sic
1575 1288 1749 1352 exire
1788 1309 1823 1352 e
1860 1287 2093 1371 patria,
2138 1290 2215 1350 ut

172 1397 398 1440 omnes
446 1375 549 1440 sui
595 1375 767 1440 cives
816 1377 1113 1458 salutem,
1162 1377 1698 1457 incolumitatem,
1745 1376 2028 1440 reditum
2072 1397 2214 1459 pre-

171 1467 427 1547 centur,
483 1463 657 1548 quod
700 1464 865 1528 mihi
912 1427 1174 1548 accidit,
1222 1486 1334 1548 an,
1382 1465 1554 1548 quod
1600 1464 1729 1528 tibi
1772 1463 2216 1548 proficiscenti

92 1569 143 1608 1⁵
170 1552 409 1634 evenit,
443 1554 519 1615 ut
548 1573 771 1616 omnes
801 1555 1306 1636 exsecrarentur,
1339 1553 1512 1616 male
1539 1555 1980 1636 precarentur,
2016 1573 2215 1614 unam

168 1640 297 1705 tibi
370 1603 556 1704 illam
626 1640 801 1704 viam
870 1643 937 1704 et
996 1643 1384 1740 perpetuam
1447 1662 1586 1705 esse
1651 1639 1937 1705 vellent?
2045 1638 2213 1704 Mihi

169 1727 423 1792 medius
468 1727 661 1792 fidius
706 1729 779 1792 in
823 1730 1012 1793 tanto
1060 1729 1353 1793 omnium
1397 1721 1776 1794 mortalium
1823 1727 1990 1810 odio,
2037 1719 2211 1791 iusto

168 1817 559 1901 praesertim
622 1820 689 1880 et
752 1817 1003 1901 debito,
1067 1817 1334 1901 quaevis
1398 1817 1558 1902 fuga
1623 1838 1820 1902 quam
1877 1816 2014 1879 11113
2067 1838 2213 1900 pro-

170 1905 390 1970 vincia
434 1907 607 1971 esset
653 1903 959 1988 optatior.

99 2010 152 2049 2⁰
312 1992 443 2059 Sed
491 2014 689 2079 perge
736 2016 953 2079 porro.
1044 1992 1243 2077 Nam,
1299 1994 1359 2058 si
1403 1993 1568 2057 illud
1614 2016 1834 2058 meum
1879 1992 2325 2058 turbulen-15

174 2048 511 2147 tissimum
583 2085 844 2167 tempus
922 2082 1402 2165 [profectionis]
1479 2086 1594 2146 tuo
1661 2080 2210 2165 tranquillissimo

175 2174 493 2255 praestat,
539 2170 699 2254 quid
743 2169 1073 2235 conferam
1118 2170 1388 2254 reliqua,
1437 2191 1602 2254 quae
1648 2170 1719 2234 in
1765 2174 1831 2234 te
1879 2169 2210 2234 dedecoris

171 2258 369 2344 plena
394 2258 679 2343 fuerunt,
710 2258 781 2322 in
809 2280 913 2322 me
943 2258 1334 2344 dignitatis?
1389 2257 1497 2321 Me
1527 2257 1839 2322 Kalendis
1868 2256 2210 2341 Ianuariis,
2232 2270 2306 2341 34

175 2348 288 2430 qui
327 2346 464 2411 dies
502 2350 658 2431 post
696 2347 951 2411 obitum
990 2368 1422 2430 occasumque
1461 2351 1752 2411 vestrum
1791 2346 1886 2409 rei
1913 2344 2212 2430 publicae

96 2448 145 2490 2⁵
172 2435 426 2519 primus
447 2434 685 2518 illuxit,
702 2434 1273 2519 frequentissimus
1295 2438 1560 2499 senatus
1583 2435 1929 2514 [concursu
1948 2433 2210 2514 Italiae]

173 2522 497 2588 referente
577 2523 941 2587 clarissimo
1007 2546 1083 2587 30
1128 2523 1496 2588 fortissimo
1553 2524 1721 2605 viro,
1786 2520 1858 2586 P.
1909 2521 2214 2607 Lentule,

176 2611 653 2693 [consentiente
684 2614 907 2694 atque]
938 2633 1071 2675 una
1096 2632 1253 2676 voce
1283 2611 1631 2676 revocavit.
1695 2608 1804 2674 Me
1831 2610 2005 2675 idem
2034 2632 2214 2674 sena-

173 2703 284 2764 tus
352 2700 593 2763 exteris
647 2700 1057 2784 nationibus,
1123 2722 1226 2763 me
1284 2699 1523 2785 legatis
1580 2699 2214 2783 magistratibusque

170 2787 423 2853 nostris
480 2788 873 2852 auctoritate
920 2808 1039 2851 sua
1085 2787 1722 2871 consularibus[que]
1771 2787 2015 2851 litteris
2061 2808 2216 2868 non,

94 2890 147 2930 ⁸0
173 2880 251 2941 ut
305 2879 384 2939 tu
437 2873 715 2940 Insuber
770 2875 981 2939 dicere
1036 2898 1230 2940 ausus
1278 2896 1374 2959 es,
1432 2876 1736 2940 orbatum
1781 2875 2024 2960 patria,
2081 2874 2215 2956 sed,

172 2968 250 3028 ut
296 2965 565 3028 senatus
608 2964 726 3028 illo
774 2964 920 3048 ipso
966 2968 1261 3048 tempore
1310 2963 1694 3047 appellavit,
1747 2964 1954 3027 civem
2001 2982 2215 3024 serva-

174 3052 577 3134 torem[que]
618 3052 713 3115 rei
740 3052 1040 3135 publicae
1071 3052 1568 3117 commendavit.
1641 3051 1747 3116 Ad
1777 3072 1989 3114 meam
2016 3049 2215 3113 unius

172 3139 464 3206 hominis
540 3140 821 3204 salutem
894 3144 1158 3205 senatus
1234 3140 1550 3204 auxilium
1616 3138 1906 3204 omnium
1973 3136 2213 3201 civium

176 3232 415 3293 cuncta
450 3248 531 3291 ex
563 3226 778 3312 Italia,
818 3228 930 3312 qui
967 3249 1107 3293 rem
1142 3228 1475 3312 publicam
1505 3227 1752 3291 salvam
1780 3247 1919 3290 esse
1948 3224 2214 3309 vellent,

101 3330 149 3371 ³⁵
176 3315 468 3381 consulis
527 3338 686 3381 voce
742 3320 809 3381 et
863 3316 1107 3381 litteris
1163 3316 1646 3401 implorandum
1699 3314 1978 3398 putavit.
2078 3311 2211 3379 Me]

175 3403 416 3504 capitis
466 3404 889 3482 conservandi
938 3427 1134 3469 causa
1174 3404 1455 3469 Romam
1501 3424 1631 3467 uno
1679 3406 1974 3486 tempore
2024 3423 2213 3484 quas1

172 3493 367 3576 signo
432 3491 587 3557 dato
643 3485 843 3557 Italia
896 3496 1041 3558 tota
1097 3493 1418 3558 convenit.
1517 3490 1618 3555 De
1675 3512 1818 3595 mea
1874 3490 2084 3553 salute
2141 3488 2218 3554 P.
