2550 3875
897 184 1050 240 GAP.
1092 192 1230 240 1—4
1265 192 1298 252 ς,
1333 193 1525 241 8—10.
2092 187 2225 252 323

186 346 264 410 in
315 344 512 410 istius
568 345 952 410 societatem
1003 347 1252 431 gloriae
1298 369 1367 412 se
1412 371 1547 413 non
1591 348 1808 433 offert,
1862 349 1987 414 tibi
2034 350 2221 426 cedit,

189 439 378 498 tuam
416 453 559 498 esse
597 436 810 497 totam
847 437 916 498 et
946 435 1282 519 propriam
1308 435 1570 501 fatetur.
1642 435 2019 522 Numquam
2046 437 2221 502 enim

189 521 531 586 temeritas
587 542 736 586 cum
781 522 1104 605 sapientia
1149 525 1638 608 commiscetur,
1682 547 1890 610 neque
1942 526 2023 590 ad
2074 547 2220 591 con-

191 609 415 674 silium
462 630 649 674 casus
697 609 1082 674 admittitur.
2236 665 2278 728 3

136 718 164 758 ⁵
325 696 661 762 Domuisti
707 701 934 783 gentes
981 698 1367 764 inmanitate
1413 701 1754 783 barbaras,
1800 702 2215 768 multitudine
2234 755 2269 802 8

191 785 729 870 innumerabiles,
782 786 944 852 locis
1000 787 1319 872 infinitas,
1374 788 1551 853 omni
1603 789 1935 873 copiarum
1981 810 2215 875 genere

193 873 629 958 abundantes3
674 874 788 939 sed
831 879 1055 939 tamen
1100 897 1176 940 ea
1219 875 1459 960 vicisti,
1504 898 1667 960 quae
1709 881 1775 942 et
1810 881 2113 942 naturam
2148 882 2217 943 et

193 961 666 1047 condicionem,
718 965 794 1026 ut
847 963 1021 1028 vinci
1074 967 1372 1049 possent,
1423 964 1769 1029 habebant.
1858 964 2062 1030 Nulla
2115 971 2217 1031 est

191 1050 369 1116 enim
421 1054 610 1115 tanta
663 1050 790 1135 vis,
847 1072 1012 1136 quae
1064 1073 1201 1116 non
1251 1051 1426 1117 ferro
1481 1055 1549 1116 et
1592 1052 1840 1117 viribus
1887 1053 2217 1118 debilitari

111 1161 166 1200 ιο
189 1138 536 1224 frangique
554 1138 784 1222 possit.
846 1138 1158 1204 Animum
1175 1140 1449 1225 vincere,
1477 1140 1877 1206 iracundiam
1897 1141 2217 1226 cohibere,

191 1227 506 1292 victoriae
562 1230 951 1312 temperare,
1012 1227 1453 1293 adversarium
1505 1229 1878 1313 nobilitate,
1934 1229 2217 1314 ingenie,

191 1315 438 1380 virtute
482 1318 929 1399 praestantem
970 1337 1105 1381 non
1142 1317 1335 1381 modo
1374 1317 1684 1382 extollere
1720 1317 2060 1401 iacentem,
2104 1317 2216 1382 sed

191 1403 396 1468 etiam
443 1403 838 1488 amplificare
885 1403 1024 1468 eius
1070 1405 1420 1488 pristinam
1455 1405 1864 1491 dignitatem,
1906 1405 2068 1470 haec
2106 1406 2217 1490 qui

191 1490 382 1574 facit,
433 1513 568 1557 non
621 1511 745 1576 ego
801 1513 950 1556 eum
995 1514 1145 1557 cum
1191 1493 1463 1558 summis
1508 1493 1669 1560 viris
1714 1515 2049 1578 compare,
2104 1494 2214 1559 sed

111 1599 164 1641 ιε
194 1579 607 1645 simillimum
641 1580 760 1644 deo
788 1579 1021 1646 iudico.
1084 1580 1337 1666 ltaque,
1373 1579 1443 1646 O.
1471 1580 1730 1660 Caesar,
1764 1581 2037 1647 bellicae
2064 1585 2213 1647 tuae
2235 1597 2266 1646 9

189 1668 418 1733 laudes
464 1667 967 1733 celebrabuntur
1011 1668 1164 1733 illae
1211 1669 1473 1753 quidem
1516 1690 1650 1734 non
1696 1669 1909 1734 solum
1952 1670 2219 1755 nostris,

191 1756 306 1821 sed
350 1777 556 1840 paene
604 1756 894 1820 omnium
940 1759 1236 1842 gentium
1281 1757 1522 1821 litteris
1561 1761 1755 1841 atque
1790 1757 2055 1842 linguis,
2097 1780 2218 1823 nec

187 1844 329 1908 ulla
381 1865 694 1928 umquam
749 1848 931 1909 aetas
978 1844 1056 1910 de
1100 1845 1234 1910 tuis
1279 1845 1582 1910 laudibus
1630 1845 2050 1930 conticescet3
2106 1847 2217 1910 sed

190 1936 416 1998 tamen
479 1932 616 1997 eius
677 1933 853 1999 modi
908 1955 1014 1999 res
1067 1933 1288 1999 nescio
1346 1956 1474 2017 quo
1531 1933 1751 2017 modo,
1814 1933 2013 1998 etiam
2069 1955 2217 1999 cum

109 2045 164 2085 20
189 2022 518 2108 leguntur,
548 2021 840 2106 obstrepi
867 2022 1147 2087 clamore
1175 2022 1460 2087 militum
1487 2021 1787 2086 videntur
1815 2025 1882 2085 et
1910 2021 2217 2087 tubarum

191 2130 373 2175 sono·
446 2108 541 2175 At
576 2131 728 2174 vero
767 2131 915 2175 cum
953 2111 1200 2195 aliquid
1233 2112 1601 2194 clementer,
1637 2112 1992 2193 mansuete,
2027 2109 2218 2196 iuste,

189 2198 551 2279 moderate,
608 2198 934 2282 sapienter
987 2198 1263 2283 factum,
1316 2199 1388 2263 in
1436 2197 1770 2263 iracundia
1813 2198 2218 2282 praesertim,

191 2308 358 2371 quae
407 2290 511 2350 est
553 2286 820 2351 inimica
865 2287 1164 2371 consilio,
1209 2291 1277 2351 et
1321 2287 1393 2352 in
1434 2286 1727 2369 victoria,
1774 2308 1937 2372 quae
1981 2290 2219 2352 natura

187 2374 480 2439 insolens
510 2378 578 2439 et
608 2374 890 2459 superba
916 2378 1035 2459 est,
1075 2376 1242 2457 [aut]
1273 2373 1571 2439 audimus
1601 2377 1716 2439 aut
1750 2374 2051 2460 legimus,
2087 2396 2216 2458 quo

109 2486 162 2527 2⁵
193 2462 414 2529 studio
451 2462 855 2529 incendimur
888 2485 1024 2528 non
1058 2463 1251 2528 modo
1288 2464 1359 2527 in
1395 2462 1601 2549 gestis
1628 2462 1842 2546 rebus,
1879 2463 1991 2527 sed
2019 2463 2217 2529 etiam

189 2551 262 2615 in
304 2550 508 2634 fictis,
561 2553 640 2615 ut
683 2571 796 2616 eos
844 2572 1063 2636 saepe,
1113 2572 1276 2635 quos
1322 2572 1681 2634 numquam
1724 2550 2032 2634 vidimus,
2077 2551 2218 2616 dili-

190 2640 452 2725 gamus!
542 2637 635 2703 Te
689 2660 869 2722 vero,
924 2660 1117 2723 quem
1169 2642 1579 2724 praesentem
1622 2638 1979 2722 intuemur,
2034 2639 2216 2704 cuius
2240 2652 2306 2701 10

189 2731 482 2791 mentem
528 2747 882 2811 sensusque
928 2731 996 2791 et
1043 2748 1116 2792 os
1163 2727 1513 2811 cernimus,
1557 2730 1662 2811 ut,
1708 2726 2015 2811 quicquid
2060 2726 2218 2791 belli

188 2814 458 2880 fortuna
507 2814 829 2901 reliquum
873 2814 968 2880 rei
1011 2815 1313 2899 publicae
1356 2814 1611 2899 fecerit,
1663 2814 1732 2878 id
1777 2834 1918 2879 esse
1966 2813 2219 2877 salvum

109 2927 164 2968 so
190 2903 382 2987 velis,
439 2902 675 2987 quibus
729 2903 1029 2968 laudibus
1085 2904 1451 2987 efferemus,
1506 2902 1743 2986 quibus
1793 2900 2029 2965 studiis
2073 2921 2219 2984 pro-

191 3010 564 3076 sequemur,
620 3012 750 3076 qua
811 2991 1252 3056 benivolentia
1316 2989 1825 3075 conplectemur!
1925 2986 2219 3051 Parietes

190 3079 443 3144 medius
479 3078 691 3164 fidius,
726 3083 803 3144 ut
839 3079 1002 3145 mihi
1037 3080 1312 3164 videtur,
1345 3078 1539 3144 huius
1574 3077 1788 3143 curiae
1816 3075 1942 3140 tibi
1969 3074 2219 3160 gratias

191 3188 386 3253 agere
450 3167 772 3253 gestiunt,
836 3167 1008 3253 quod
1072 3168 1253 3232 brevi
1318 3170 1611 3249 tempore
1673 3163 1897 3229 futura
1962 3163 2052 3227 sit
2103 3162 2221 3226 illa

194 3255 555 3321 auctoritas
617 3256 689 3320 in
749 3256 854 3320 his
919 3255 1242 3321 maiorum
1307 3276 1573 3319 suorum
1627 3257 1697 3318 et
1750 3251 1885 3316 suis
1942 3250 2221 3316 sedibus.

112 3370 164 3411 ⁸⁵
189 3344 518 3429 Equidem
563 3365 711 3409 cum
749 3342 820 3411 C.
857 3342 1170 3427 Marcelli,
1214 3343 1341 3408 viri
1387 3341 1621 3425 optimi
1658 3343 1727 3405 et
1762 3360 2220 3405 commemora-
2241 3348 2283 3405 4

189 3433 310 3498 bili
347 3432 594 3518 pietate
631 3431 928 3517 praediti,
967 3432 1272 3497 lacrimas
1307 3429 1503 3496 modo
1539 3428 1879 3494 vobiscum
1919 3427 2221 3507 viderem,

191 3522 486 3588 omnium
531 3519 992 3586 Marcellorum
1045 3541 1263 3585 meum
1308 3522 1536 3605 pectus
1582 3516 1901 3582 memoria
1946 3512 2224 3596 obfudit,

997 3622 1007 3631 “
1790 3624 1856 3675 ²1
1871 3621 1902 3654 Ψ
