2550 3875
335 145 467 210 300
769 142 914 198 PRO
952 141 1014 196 Τ.
1052 141 1285 197 ANNIO
1323 140 1606 198 MILONE
1647 139 1935 197 ORATIO.

333 305 676 390 Milonem3
713 305 941 370 deinde
969 305 1065 370 ibi
1092 303 1286 370 multi
1315 304 1397 370 ab
1426 303 1543 369 illo
1572 302 1821 387 violati,
1856 302 2143 388 spoliati,
2176 303 2387 368 boms

335 393 614 478 expulsi,
677 392 873 458 multi
935 393 1096 459 haec
1160 392 1361 458 etiam
1425 391 1733 456 timentes
1794 392 1867 455 in
1926 391 2384 475 suspicionem

247 495 312 544 51
339 483 669 566 caderent,
725 485 870 546 tota
923 481 1198 566 denique
1254 502 1366 544 rea
1422 481 1737 544 citaretur
1779 479 2065 544 Etruria.
2156 478 2383 563 Atqui

335 570 451 635 illo
499 571 601 634 die
649 573 821 634 certe
857 569 1082 634 Aricia
1127 569 1382 634 rediens
1424 568 1704 633 devertit
1742 566 2010 634 Clodius
2048 567 2131 631 ad
2165 566 2379 632 Alba-

333 681 510 723 num.
595 655 783 734 Quod
827 662 905 722 ut
950 657 1150 723 sciret
1193 656 1384 741 Milo,
1436 656 1626 721 illum
1672 655 1931 722 Ariciae
1976 655 2208 739 fuisse,
2264 677 2375 720 su-
2438 681 2469 722 5

335 745 574 830 spicari
602 749 824 810 tamen
840 745 1066 811 debuit
1085 767 1251 830 eum,
1281 744 1541 810 etiamsi
1559 743 1841 809 Romam
1858 743 1975 808 illo
1996 744 2097 808 die
2123 744 2377 808 reverti

334 833 551 916 vellet,
589 833 670 898 ad
697 833 923 897 villam
951 855 1154 918 suam,
1184 855 1349 918 quae
1377 833 1550 898 viam
1578 836 1897 918 tangeret,
1927 833 2375 898 deversurum.

337 918 470 987 Gur
513 943 722 1005 neque
769 925 918 987 ante
958 922 1258 1006 occurrit,
1303 943 1385 986 ne
1421 921 1534 987 ille
1571 920 1642 985 in
1676 920 1833 985 villa
1868 919 2203 1004 resideret,
2246 941 2375 986 nec

337 1030 414 1074 eo
469 1009 542 1074 in
594 1008 739 1074 loco
797 1009 1116 1094 subsedit,
1177 1032 1305 1094 quo
1360 1009 1473 1074 ille
1526 1012 1727 1074 noctu
1780 1011 2091 1074 venturus
2147 1009 2375 1073 esset?

229 1100 346 1170 (52)
478 1097 689 1163 Video
730 1098 940 1163 adhuc
972 1101 1289 1182 constare,
1325 1098 1589 1182 iudices,
1628 1096 1865 1181 omnia,
1901 1095 2135 1162 Miloni
2165 1097 2374 1162 etiam
2402 1125 2459 1163 ιο

335 1186 498 1250 utile
536 1185 737 1250 fiiisse
768 1184 1070 1252 Clodium
1097 1187 1333 1270 vivere,
1368 1185 1471 1250 illi
1500 1185 1582 1250 ad
1610 1207 1702 1270 ea,
1737 1206 1902 1268 quae
1932 1184 2375 1269 concupierat,

333 1273 1804 1428 {33³{ffsssssssssssfflffluffufflffiffffiff
1818 1273 2041 1426 iffi?
2077 1273 2375 1427 {¹333

2020 1412 2035 1446 2

333 1449 628 1515 tudinem
683 1449 861 1516 illius
912 1413 1297 1535 perp'etuam
1341 1451 1412 1516 in
1456 1450 1522 1515 vi
1566 1449 1927 1534 inferenda,
1981 1449 2177 1514 huius
2225 1453 2371 1515 tan-

246 1553 313 1602 52
336 1542 480 1601 tum
515 1538 586 1602 in
622 1539 1020 1623 repellenda3
1055 1543 1335 1603 mortem
1372 1538 1455 1604 ab
1492 1537 1608 1603 illo
1646 1537 2097 1604 denuntiatam
2128 1536 2369 1604 Miloni
2398 1565 2447 1605 1³

334 1629 401 1690 et
427 1624 828 1709 praedictam
853 1626 1092 1711 palam,
1123 1626 1291 1692 nihil
1318 1647 1629 1711 umquam
1658 1626 1953 1691 auditum
1982 1648 2061 1691 ex
2087 1625 2370 1712 Milone3

333 1713 756 1797 profectionis
800 1714 995 1780 huius
1041 1715 1212 1779 diem
1257 1714 1357 1779 illi
1403 1719 1652 1797 notum,
1698 1714 1946 1780 reditus
1992 1714 2173 1780 illius
2209 1714 2368 1780 huic

335 1802 636 1887 ignotum
690 1801 921 1887 fuisse3
978 1802 1171 1868 huius
1226 1802 1355 1868 iter
1406 1803 1873 1887 necessarium,
1926 1802 2103 1867 illius
2162 1803 2366 1868 etiam

332 1889 556 1975 potius
611 1889 921 1976 alienum3
973 1890 1146 1956 hunc
1200 1913 1356 1975 prae
1414 1912 1483 1957 se
1540 1890 1771 1957 tulisse
1826 1890 1942 1956 illo
1998 1891 2101 1957 die
2148 1891 2365 1957 Roma

333 1979 679 2063 exiturum,
715 1979 904 2044 illum
941 2001 1019 2045 eo
1057 1980 1160 2044 die
1189 2002 1258 2045 se
1288 1980 1731 2045 dissimulasse
1760 1980 2149 2065 rediturum3
2188 1980 2362 2046 hunc
2391 2006 2445 2047 20

332 2067 576 2133 nullius
623 2068 720 2132 rei
764 2071 1055 2133 mutasse
1101 2068 1474 2151 consilium,
1518 2068 1707 2132 illum
1755 2089 2013 2133 causam
2064 2070 2363 2133 mutandi

333 2155 590 2221 consilii
643 2155 937 2240 finxisse3
995 2156 1176 2240 huic,
1231 2155 1289 2221 si
1341 2156 1786 2241 insidiaretur,
1839 2161 2103 2222 noctem
2156 2179 2360 2243 prope

331 2242 560 2307 urbem
615 2244 1105 2329 expectandam,
1167 2244 1297 2329 illi,
1352 2243 1611 2309 etiamsi
1665 2244 1839 2309 hunc
1891 2266 2026 2311 non
2079 2244 2360 2329 timeret,

333 2334 554 2481 gamen
608 2352 940 2397 accessum
987 2331 1068 2396 ad
1112 2332 1342 2397 urbem
1387 2336 1781 2398 nocturnum
1824 2331 2026 2398 fuisse
2073 2339 2359 2399 metuen-

377 2441 504 2482 um.
2387 2448 2436 2489 25

465 2504 819 2572 Videamus
875 2530 1047 2573 nunc
1101 2508 1196 2593 id,
1252 2508 1424 2592 quod
1476 2513 1671 2593 caput
1726 2514 1845 2593 est,
1892 2509 2076 2574 locus
2132 2509 2213 2573 ad
2268 2510 2357 2575 in-

333 2593 533 2659 sidias
579 2593 692 2659 ille
738 2596 898 2680 ipse,
941 2596 1057 2661 ubi
1095 2596 1431 2681 congressi
1468 2601 1641 2680 sunt,
1686 2597 1821 2662 utri
1858 2597 2122 2662 tandem
2159 2597 2358 2663 fuerit

332 2682 563 2767 aptior.
647 2680 725 2747 Id
768 2705 942 2769 vero,
987 2683 1252 2767 iudices,
1300 2685 1502 2750 etiam
1536 2684 1967 2750 dubitandum
2006 2689 2075 2751 et
2109 2685 2354 2751 diutius

331 2770 753 2856 cogitandum
807 2774 926 2837 est.
1019 2771 1194 2837 Ante
1248 2771 1523 2837 fundum
1578 2771 1792 2857 Clodi,
1847 2795 1975 2858 quo
2031 2774 2103 2837 in
2156 2772 2353 2839 fundo

329 2862 601 2943 propter
661 2859 926 2925 insanas
989 2859 1138 2923 illas
1195 2860 1715 2927 substructiones
1772 2861 1964 2927 facile
2016 2860 2352 2927 hominum
2378 2890 2430 2931 30

330 2945 508 3011 mille
547 2947 976 3012 versabantur
1012 2948 1389 3032 valentium,
1426 2949 1601 3014 edito
1638 2949 1993 3015 adversarii
2030 2954 2226 3034 atque
2256 2973 2353 3015 ex·

332 3033 504 3099 celso
543 3033 689 3100 loco
729 3035 1129 3119 superiorem
1175 3058 1246 3101 se
1292 3036 1431 3102 fore
1476 3041 1745 3123 putarat
1780 3037 1941 3103 Milo
1982 3042 2051 3103 et
2089 3038 2174 3103 ob
2213 3060 2352 3103 eam

329 3143 468 3187 rem
525 3144 674 3187 eum
729 3122 947 3188 locum
1002 3123 1084 3189 ad
1129 3146 1417 3210 pugnam
1462 3126 1883 3209 potissimum
1930 3126 2219 3212 elegerat
2272 3148 2353 3193 an

327 3208 399 3273 in
462 3230 538 3274 eo
603 3209 747 3275 loco
806 3215 907 3276 est
958 3211 1180 3296 potius
1236 3216 1615 3296 expectatus
1671 3214 1755 3279 ab
1812 3236 1917 3300 eo,
1982 3215 2095 3299 qui
2148 3214 2350 3299 ipsius

220 3295 465 3371 (54)loci
501 3318 617 3382 spe
653 3296 866 3363 facere
901 3298 1222 3383 impetum
1263 3300 1633 3385 cogitarat?
1697 3300 1829 3367 Res
1864 3303 2159 3387 loquitur
2195 3303 2349 3388 ipsa,
2374 3329 2421 3370 ³⁵

239 3402 310 3448 54
327 3383 600 3468 iudices,
657 3406 820 3468 quae
875 3407 1131 3469 semper
1184 3386 1361 3451 valet
1412 3389 1785 3472 plurimum.
1885 3388 1957 3456 Si
2010 3390 2171 3457 hacc
2222 3412 2350 3456 non

327 3474 521 3553 gesta
566 3471 904 3555 audiretis,
961 3472 1074 3538 sed
1117 3473 1299 3557 picta
1342 3474 1676 3562 videretis,
1728 3482 1951 3543 tamen
1996 3483 2350 3565 appareret,

226 2468 314 2531 20

243 2558 312 2607 53
