2550 3875
826 208 980 262 CAP.
1019 214 1191 263 9—11
1231 216 1261 275 ς
1300 218 1525 268 27—33.
2055 218 2182 283 341

166 364 320 431 oro?
413 364 485 431 Si
527 388 720 431 nemo
765 367 1162 453 impetravit,
1209 377 1617 458 arroganter,
1662 375 1721 438 si
1774 376 2059 462 plurimi,
2109 384 2183 445 tu

54 476 64 515 :
165 454 333 519 idem
369 452 469 519 fer
505 476 712 539 opem,
749 456 862 539 qui
901 478 1082 540 spem
1119 458 1371 524 dedisti.
1445 460 1551 525 An
1589 464 1888 547 sperandi
1915 463 2181 551 Ligario
2200 490 2266 538 31

55 566 63 603 ·.
165 564 358 607 causa
400 564 533 608 non
579 544 685 625 sit,
731 565 880 607 cum
925 545 1090 609 mihi
1135 547 1305 630 apud
1352 552 1417 611 te
1463 549 1643 615 locus
1691 551 1781 616 sit
1826 553 2025 617 etiam
2058 576 2179 638 pro

54 656 59 693 ε
165 630 367 695 altero
433 630 862 714 deprecandi?
931 632 1339 718 Quamquam
1400 658 1519 701 nec
1583 638 1653 702 in
1706 639 1830 703 hac
1886 642 2181 707 oratione

102 742 130 783 ⁶
164 740 310 803 spes
357 722 458 783 est
502 719 720 803 posita
747 741 998 807 „causae
1044 744 1163 787 nec
1207 722 1278 787 in
1322 745 1544 789 eorum
1590 726 1841 813 studiis,
1888 730 2001 811 qui
2039 752 2077 793 a
2114 734 2180 795 te

54 816 58 843 ¹
159 828 278 891 pro
351 806 618 892 Ligario
691 812 926 892 petunt
998 810 1097 875 tui
1168 813 1535 877 necessarii.
1644 813 1800 881 Vidi
1874 818 2046 883 enim
2111 824 2179 884 et
2204 823 2277 887 11

57 922 62 929 ·
163 896 464 981 cognovi,
534 896 690 979 quid
754 897 1030 963 maxime
1095 903 1449 985 spectares,
1514 923 1661 967 cum
1722 924 1842 987 pro
1907 906 2179 972 alicuius

54 1012 62 1051 .·
162 985 372 1048 salute
435 984 628 1049 multi
692 985 1093 1070 laborarent3
1159 1009 1387 1053 causas
1452 990 1623 1073 apud
1685 994 1751 1054 te
1806 995 2181 1079 rogantium

162 1072 586 1157 gratiosiores
624 1094 764 1137 esse
803 1095 998 1156 quam
1033 1074 1271 1160 vultus,
1308 1098 1515 1160 neque
1541 1081 1607 1142 te
1637 1082 1947 1164 spectare,
1986 1103 2181 1165 quam

54 1184 136 1231 210
163 1165 316 1225 tuus
379 1165 553 1225 esset
613 1162 1016 1227 necessarius
1070 1163 1156 1248 is,
1221 1164 1333 1247 qui
1389 1168 1455 1229 te
1512 1170 1754 1249 oraret,
1817 1167 1930 1232 sed
1986 1191 2181 1251 quam

54 1280 60 1317 ι
161 1249 366 1333 illius,
418 1271 536 1333 pro
595 1271 722 1333 quo
778 1250 1124 1315 laboraret.
1224 1250 1455 1335 Itaque
1511 1254 1748 1318 tribuis
1800 1258 1877 1319 tu
1921 1257 2181 1339 quidem

54 1372 57 1409 3
160 1337 292 1401 tuis
339 1336 434 1401 ita
478 1337 711 1422 multa,
755 1343 832 1403 ut
876 1339 1040 1403 mihi
1085 1340 1409 1404 beatiores
1455 1340 1555 1404 illi
1600 1341 1941 1408 videantur
1984 1344 2179 1409 inter-

54 1462 57 1497 ς
162 1425 334 1510 dum,
380 1426 492 1509 qui
537 1430 652 1490 tua
696 1426 1094 1491 liberalitate
1141 1427 1465 1512 fruuntur,
1512 1450 1706 1513 quam
1751 1434 1823 1495 tu
1865 1431 2021 1515 ipse,
2069 1434 2181 1517 qui

54 1562 56 1587 2
160 1514 294 1578 illis
350 1518 488 1579 tam
542 1514 752 1578 multa
805 1516 1143 1600 concedas,
1208 1516 1321 1581 sed
1374 1516 1560 1581 video
1616 1520 1837 1583 tamen
1890 1520 2061 1603 apud
2115 1524 2181 1585 te

54 1624 133 1666 αι
164 1624 409 1687 causas,
454 1605 530 1666 ut
575 1602 726 1687 dixi,
769 1604 982 1667 valere
1027 1605 1176 1689 plus
1223 1625 1419 1688 quam
1462 1626 1705 1690 preces,
1750 1606 1831 1670 ab
1869 1608 2079 1691 iisque
2116 1613 2183 1671 te

54 1728 56 1731 >
161 1690 409 1756 moveri
464 1690 769 1774 maxime,
827 1713 1102 1774 quorum
1158 1692 1591 1767 iustissimum
1627 1693 1845 1759 videas
1891 1696 2183 1761 dolorem

160 1779 231 1843 in
275 1778 574 1863 petendo.

295 1865 375 1931 In
421 1866 498 1944 Q.
536 1866 803 1953 Ligario
851 1869 1290 1933 conservando
1336 1869 1561 1933 multis
1610 1873 1685 1934 tu
1730 1870 1991 1954 quidem
2036 1892 2179 1958 gra·
2199 1895 2267 1945 ὃς

162 1961 306 2022 tum
341 1955 541 2021 facies
577 1956 958 2021 necessariis
998 1957 1148 2040 tuis,
1195 1958 1307 2022 sed
1343 1958 1486 2040 hoc,
1529 1979 1789 2041 quaeso,
1828 1960 2181 2045 considera,

75 2067 134 2108 πο
162 2045 336 2129 quod
390 2044 577 2109 soles.
668 2043 945 2110 Possum
993 2043 1389 2110 fortissimos
1437 2046 1635 2125 viros,
1695 2044 2000 2130 Sabinos,
2054 2049 2179 2113 tibi

158 2133 679 2218 probatissimOS,
706 2136 1048 2216 totumque
1077 2154 1307 2219 agrum
1338 2133 1667 2218 Sabinum,
1696 2135 1924 2200 florem
1946 2135 2177 2200 Italiae

163 2243 238 2286 ac
293 2222 494 2286 robur
549 2221 646 2285 rei
697 2221 1023 2306 publicae,
1077 2243 1464 2306 proponere3
1517 2223 1693 2287 nosti
1740 2223 2023 2306 optimos
2068 2225 2180 2289 ho-

163 2309 387 2374 mines.
486 2309 948 2378 Animadverte
1011 2309 1246 2375 horum
1312 2310 1599 2375 omnium
1658 2312 2058 2377 maestitiam
2114 2317 2179 2377 et

164 2398 481 2481 dolorem3
533 2397 725 2462 huius
771 2397 841 2462 T.
888 2397 1192 2481 Brocchi,
1248 2399 1325 2462 de
1383 2419 1510 2481 quo
1564 2420 1698 2463 non
1748 2400 1976 2465 dubito
2025 2401 2179 2483 quid

74 2506 136 2548 25
164 2485 522 2569 existimes,
570 2486 871 2551 lacrimas
919 2487 1411 2570 squaloremque
1456 2486 1661 2570 ipsius
1708 2491 1775 2552 et
1819 2488 1939 2552 filii
1984 2489 2179 2553 vides.

167 2573 338 2649 Quid
392 2573 468 2637 de
523 2573 835 2639 fratribus
893 2575 1147 2639 dicam?
1245 2573 1430 2658 Noli,
1494 2573 1756 2659 Caesar,
1815 2580 2045 2659 putare
2101 2577 2176 2640 de
2199 2590 2265 2638 33

162 2661 356 2726 unius
403 2660 612 2744 capite
658 2683 778 2727 nos
825 2683 1048 2748 agere3
1095 2666 1208 2727 aut
1242 2665 1377 2727 tres
1415 2663 1539 2726 tibi
1576 2662 1826 2748 Ligarii
1861 2663 2181 2728 retinendi

163 2750 235 2814 in
299 2749 562 2814 civitate
629 2755 806 2815 sunt>
845 2755 959 2814 aut
1021 2754 1154 2815 tres
1218 2773 1298 2816 ex
1362 2751 1625 2816 civitate
1691 2751 2179 2815 exterminandi.

165 2835 339 2901 Nam
395 2838 665 2920 quodvis
723 2839 988 2904 exilium
1039 2839 1142 2903 his
1199 2842 1301 2904 est
1355 2839 1643 2923 optatius
1700 2860 1895 2922 quam
1948 2838 2180 2922 patria,

72 2945 136 2986 30
167 2947 364 3008 quam
409 2927 654 3011 domus,
702 2949 896 3010 quam
941 2927 1010 2992 di
1053 2931 1319 3010 penates
1365 2948 1494 2991 uno
1541 2926 1655 2991 illo
1704 2927 2021 2991 exulante.
2110 2924 2180 2990 Si

163 3013 476 3098 fraterne,
541 3016 598 3079 si
651 3015 783 3100 pie,
839 3016 896 3079 si
951 3037 1098 3080 eum
1153 3017 1374 3081 dolore
1430 3014 1702 3098 faciunt,
1756 3018 2060 3078 moveant
2113 3017 2179 3078 te

160 3103 398 3166 horum
452 3103 785 3186 lacrimae,
839 3107 1097 3168 moveat
1150 3104 1389 3188 pietas,
1443 3107 1703 3167 moveat
1756 3102 2180 3188 germanitas3

160 3190 378 3254 valeat
423 3195 539 3255 tua
582 3214 710 3257 vox
750 3191 882 3275 illa,
929 3214 1092 3276 quae
1129 3192 1305 3256 vicit.
1385 3190 1476 3254 Te
1514 3191 1686 3255 enim
1724 3189 1933 3254 dicere
1971 3190 2181 3254 audie·

162 3279 395 3342 bamus
440 3301 562 3344 nos
610 3301 833 3344 omnes
881 3281 1283 3345 adversarios
1328 3282 1587 3363 putare,
1635 3278 1764 3342 nisi
1811 3278 1922 3362 qui
1966 3278 2181 3342 nobis-

65 3391 131 3435 οε
163 3388 314 3431 cum
359 3371 596 3450 essent,
641 3372 707 3432 te
755 3369 984 3452 omnis,
1031 3369 1144 3453 qui
1189 3372 1418 3433 contra
1462 3370 1528 3431 te
1563 3389 1697 3432 non
1734 3370 1968 3451 essent,
2015 3370 2180 3430 tuos,

159 3453 447 3520 Videsne
493 3456 700 3540 igitur
743 3457 918 3521 hunc
963 3457 1371 3541 splendorem
1418 3455 1732 3535 omnium,
1777 3455 1944 3520 hanc
1988 3453 2183 3520 Broc-

161 3541 437 3606 chorum
483 3543 774 3620 domum,
827 3544 1000 3610 hunc
1045 3544 1117 3613 L.
1163 3544 1508 3622 Marcium,
1556 3543 1622 3610 G.
1672 3542 2063 3619 Caesetium,
2110 3543 2182 3609 L.
