2550 3875
787 186 1030 254 cAP.9,
1073 191 1139 241 10
1177 193 1208 253 9
1243 193 1473 243 29-99,
2012 191 2146 256 515

114 354 190 412 ut
239 349 596 414 incendium
642 348 895 432 patriae
943 349 1188 413 omissa
1233 351 1413 414 omni
1460 351 1865 436 cogitatione
1910 352 2143 416 restin-

113 457 384 522 guerem.
475 435 688 501 Nemo
745 436 873 500 erit
925 441 1188 520 praeter
1239 460 1444 502 unum
1497 461 1629 523 me,
1684 440 1949 522 quicum
1994 461 2141 523 pro-

111 525 295 603 fect0,
330 525 386 590 si
416 525 570 609 quid
597 525 915 589 interesse
943 529 1060 588 tua
1086 529 1407 609 putasses,
1434 548 1553 610 pro
1583 548 1837 592 summa
1864 527 2143 592 familia-

110 613 296 678 ritate
364 617 594 678 nostra
667 613 1242 696 communicasses,
1318 615 1431 698 qui
1504 615 1728 680 credat
1796 620 1863 679 te
1928 616 2140 681 invito

73 701 502 786 sprovinciam
566 700 694 766 tibi
757 722 900 765 9999
955 701 1301 766 decretam.
1401 701 1617 786 Hanc,
1684 725 1953 787 quaes0,
2016 727 2140 788 pro

109 795 223 854 tua
281 788 598 874 singulari
663 788 986 872 sapientia
1045 789 1326 872 reprime
1382 789 1628 854 famam
1683 794 1879 874 atque
1936 791 2139 876 effice,

105 899 187 942 99
231 877 312 960 id,
355 877 530 960 quod
574 899 707 942 non
754 898 962 958 curas,
1010 898 1244 960 cupere
1291 877 1565 942 videare.
1642 877 1827 979 Quod
1876 879 2137 963 quidem
2162 886 2231 937 24

108 987 184 1030 eo
231 965 673 1030 vehementius
718 965 844 1029 tibi
887 965 1321 1030 laborandum
1368 969 1497 1049 est,
1554 967 1707 1050 quia
1752 967 1823 1029 19
1869 969 2137 1033 eandem

108 1053 327 1118 cadere
363 1053 800 1136 suspicionem
839 1054 1111 1139 collega,
1147 1054 1248 1118 vir
1277 1054 1699 1138 clarissimus,
1735 1076 1870 1119 999
1896 1060 2137 1139 potest.

73 1140 171 1206 ·N
174 1141 288 1204 ihil
340 1141 576 1206 horum
631 1141 783 1224 scit,
837 1141 1006 1205 nihil
1061 1142 1458 1226 suspicatur3
1510 1142 1760 1207 bellum
1815 1143 2014 1228 gerit,
2069 1143 2140 1207 in

103 1229 238 1294 acie
303 1233 462 1312 stat,
527 1230 604 1293 de
669 1229 986 1315 sanguine
1051 1233 1118 1294 et
1170 1230 1248 1294 (19
1306 1231 1546 1314 spiritu
1601 1232 1922 1316 decertat3
1986 1234 2137 1295 ante

100 1317 498 1402 provinciam
537 1317 666 1381 sibi
704 1319 1031 1382 decretam
1059 1318 1296 1402 audiet,
1335 1340 1530 1402 quam
1559 1319 1849 1403 potuerit
1877 1322 2138 1404 tempus

100 1407 163 1471 91
207 1405 300 1470 rei
347 1407 573 1471 datum
619 1405 956 1488 suspicari.
1048 1406 1327 1490 Vereor,
1380 1429 1462 1470 99
1509 1407 1831 1472 exercitus
1880 1428 2137 1491 quoque

97 1493 336 1578 nostri,
402 1494 515 1577 qui
572 1515 708 1558 non
761 1493 1039 1563 dilectus
1093 1495 1516 1578 necessitate,
1581 1496 1695 1560 sed
1749 1495 2137 1560 voluntariis

99 1582 334 1648 studiis
399 1603 467 1646 se
533 1581 617 1645 ad
678 1602 818 1646 rem
880 1582 1214 1665 publicam
1278 1584 1724 1668 contulerunt,
1794 1583 2137 1648 tardentur

96 1669 360 1753 animis,
422 1669 480 1734 si
545 1669 895 1753 quicquam
959 1670 1136 1734 aliud
1202 1692 1240 1734 a
1294 1671 1489 1735 nobis
1542 1671 1671 1736 nisi
1726 1671 1803 1735 de
1857 1672 2139 1736 instanti

93 1758 272 1824 bello
323 1757 689 1844 cogitatum
733 1759 1079 1842 putabunt.
1154 1757 1400 1834 Quodsi
1444 1759 1818 1842 provinciae
1860 1759 2137 1825 consuli-

91 1849 222 1911 bus
261 1846 662 1930 expetendae
699 1846 1019 1925 videntur,
1057 1846 1229 1911 sicut
1265 1868 1458 1931 saepe
1496 1847 1725 1911 multis
1756 1847 2137 1912 clarissimis

89 1935 255 2000 viris
295 1935 620 2019 expetitae
657 1938 831 2013 sunt,
868 1934 1118 2000 reddite
1146 1934 1330 2018 prius
1357 1935 1549 2001 nobis
1577 1934 1880 2019 Brutum,
1916 1936 2141 2000 lumen

88 2028 163 2089 et
218 2024 436 2088 decus·
471 2022 791 2108 civitatis;
847 2023 960 2107 qui
1014 2023 1110 2087 ita
1155 2024 1644 2089 ,conservandus
1699 2028 1804 2089 est
1856 2027 1932 2088 ut
1974 2024 2139 2088 illud

86 2113 378 2197 signum,
425 2112 598 2196 quod
642 2113 716 2175 de
761 2112 939 2176 99919
977 2111 1316 2195 delapsum
1353 2112 1597 2177 Vestae
1634 2112 1951 2177 custodiis
1990 2134 2138 2177 con-

85 2200 372 2283 tinetur3
428 2222 556 2283 quo
614 2200 795 2265 salvo
852 2199 1018 2265 salvi
1074 2221 1299 2264 sumus
1355 2198 1582 2265 futuri.
1672 2200 1855 2265 Tunc
1909 2200 2014 2265 vel
2068 2201 2139 2265 in

85 2288 351 2353 caelum
397 2309 533 2371 999,
579 2288 638 2353 91
682 2288 824 2352 fieri
870 2289 1180 2373 potuerit,
1223 2288 1469 2353 umeris
1513 2289 1762 2353 nostris
1810 2289 2137 2372 tollemus,

80 2375 468 2475 provincias
535 2379 710 2441 certe
775 2376 1194 2462 dignissimas
1250 2377 1478 2442 vobis·
1475 2377 1885 2463 deligemus,
1946 2398 2139 2461 nunc,

85 2462 270 2547 quod
311 2462 550 2547 agitur,
597 2484 887 2548 agamus,
959 2462 1205 2549 Agitur
1242 2469 1483 2547 autem,
1527 2465 1803 2529 liberine
1840 2466 2136 2530 vivamus

81 2574 176 2617 an
225 2554 512 2615 mortem
551 2551 880 2635 obeamus,
927 2572 1091 2635 quae
1129 2556 1305 2616 certe
1344 2554 1647 2618 servituti
1684 2552 2140 2636 anteponenda

80 2642 210 2705 est.
309 2636 507 2721 Quid,
563 2638 620 2702 si
675 2639 876 2703 etiam
930 2639 1311 2704 tarditatem
1367 2641 1579 2705 adfert
1631 2641 1766 2705 ista
1810 2640 2139 2705 sententia
2156 2646 2223 2693 25

77 2728 172 2793 ad
230 2725 653 2791 Dolabellam
707 2728 1267 2810 persequendum?
1364 2727 1634 2804 Quando
1692 2730 1866 2793 enim
1920 2727 2139 2792 veniet

79 2815 374 2883 consul?
445 2814 554 2879 An
597 2815 666 2878 id
712 2819 1184 2899 exspectamus,
1232 2818 1445 2900 quoad
1488 2839 1572 2881 ne
1609 2817 1964 2901 vestigium
2002 2815 2138 2897 (191-

77 2905 241 2969 dem
288 2902 491 2967 Asiae
549 2902 891 2968 civitatum
947 2907 1144 2988 atque
1190 2905 1454 2970 urbium
1500 2904 1953 2987 relinquatur?
2044 2902 2140 2967 At

75 2991 372 3057 mittent
417 2991 703 3074 aliquem
750 2992 826 3055 (19
873 3012 993 3056 999
1037 3014 1330 3057 numero.
1404 2993 1613 3057 Valde
1661 2991 1825 3056 mihi
1871 2990 2138 3075 probari

73 3082 349 3165 potest,
417 3079 528 3163 qui
605 3080 802 3163 paulo
875 3083 1025 3145 ante
1091 3080 1457 3145 clarissimo
1508 3081 1650 3145 viro
1706 3080 1965 3164 privato
2022 3080 2138 3143 im-

71 3166 354 3253 perium
419 3171 605 3231 extra
667 3167 961 3233 ordinem
1023 3190 1158 3233 non
1219 3169 1385 3233 dedi.
1495 3168 1591 3234 At
1652 3167 1987 3233 hominem
2048 3168 2140 3232 di-

73 3277 299 3342 gnum
350 3255 633 3319 mittent.
707 3254 888 3321 Num
931 3256 1004 3321 P.
1050 3254 1329 3322 Servilio
1377 3257 1785 3357 digniorem?
1858 3255 1954 3321 At
1989 3278 2140 3321 eum

73 3343 362 3444 quidem
428 3344 660 3409 civitas
718 3366 854 3409 999
915 3345 1136 3410 habet.
1234 3344 1423 3421 Quod
1484 3365 1643 3431 ergo
1697 3345 1839 3429 ipse
1893 3344 2139 3410 nemini

73 3431 324 3518 putavi
391 3431 674 3496 dandum
736 3455 818 3498 ne
882 3455 923 3498 a
987 3438 1220 3498 senatu
1286 3433 1575 3518 quidem,
1638 3433 1706 3497 id
1766 3453 1889 3518 ego
1943 3433 2137 3497 911199

73 3520 336 3585 iudicio
387 3520 676 3586 delatum
723 3522 1188 3606 comprobem?
1260 3521 1591 3605 Expedito
1634 3522 1828 3587 nobis
1873 3522 2138 3587 homine
2158 3533 2227 3581 26

1701 3624 1811 3680 33*
