2550 3875
376 171 510 236 214
902 170 1046 225 PRO
1086 171 1199 226 CN.
1235 171 1551 227 PLANCIO
1591 171 1881 226 ORATIO.

377 356 526 400 cum
578 336 850 417 parente
909 323 1089 417 (nam
1144 355 1291 398 meo
1347 334 1589 399 iudicio
1644 333 1859 418 pietas
1907 333 2419 398 fundamentum

377 425 480 488 est
527 422 820 486 omnium
865 419 1234 508 virtutum),
1282 443 1479 505 quem
1523 425 1789 486 veretur
1826 425 1906 487 ut
1940 421 2133 486 deum
2170 419 2418 507 (neque

377 510 552 574 enim
605 509 816 574 multo
875 531 1062 574 secus
1117 513 1222 574 est
1273 531 1510 594 parens
1560 508 1849 594 liberis),
1904 513 2085 574 amat
2128 530 2290 574 vero
2340 513 2417 573 ut

377 597 694 681 sodalem,
738 601 816 662 ut
860 597 1162 682 fratrem,
1205 601 1285 663 ut
1328 597 1687 682 aequalem.
1780 596 1953 674 Quid
1997 597 2214 662 dicam
2261 619 2417 663 cum

373 689 640 770 patruo,
686 707 835 750 cum
881 685 1218 766 affinibus,
1265 708 1415 751 cum
1459 685 1877 770 propinquis,
1922 707 2071 751 cum
2114 685 2245 750 hoe
2294 684 2412 752 Cn.
2464 711 2486 750 ⁵

378 771 764 858 Saturnino,
819 774 1243 838 ornatissimo
1299 775 1488 838 viro?
1542 774 1729 838 88188
1776 778 2093 858 quantam
2136 773 2417 838 honoris

373 862 570 927 huius
625 861 1056 946 cupiditatem
1109 861 1314 928 fuisse
1362 862 1655 946 creditis,
1710 884 1861 928 cum
1905 861 2143 926 videtis
2189 862 2417 926 luctus

377 951 805 1016 societatem?
890 949 1061 1026 Quid
1117 951 1196 1015 de
1251 971 1357 1014 me
1412 950 1652 1034 dicam,
1708 950 1823 1034 qui
1876 949 2041 1016 mihi
2095 950 2168 1014 111
2210 949 2417 1014 huius

375 1038 666 1121 periculo
711 1059 864 1104 reus
911 1059 1054 1104 esse
1098 1037 1370 1103 videor?
1427 1039 1585 1122 quid
1628 1038 1708 1103 de
1752 1039 1857 1102 his
1904 1042 2011 1104 tot
2054 1037 2217 1102 viris
2264 1038 2418 1102 tali—

374 1127 526 1210 bus,
592 1149 755 1210 quos
819 1125 1058 1191 videtis
1123 1130 1307 1191 veste
1368 1126 1669 1191 mutata?
1760 1126 1979 1210 Atque
2032 1125 2197 1192 11888
2254 1131 2417 1190 sunt
2444 1153 2487 1190 ιο

375 1215 641 1299 indicia,
686 1215 959 1298 iudices,
1007 1215 1220 1280 solida
1265 1218 1334 1280 et
1380 1235 1704 1298 expressa,
1747 1214 1911 1279 11888
1955 1214 2147 1300 signa
2189 1215 2419 1297 probi-

376 1304 536 1367 tatis
581 1325 716 1368 non
758 1302 982 1368 fucata
1025 1303 1274 1368 forensi
1322 1302 1555 1386 specie,
1600 1303 1715 1367 sed
1761 1302 2139 1368 domesticis
2184 1303 2420 1367 inusta

373 1391 552 1456 notis
589 1390 908 1455 veritatis.
972 1390 1248 1456 Futtilis
1287 1395 1390 1455 est
1426 1390 1545 1455 illa
1580 1391 1947 1456 occursatio
1985 1394 2054 1455 et
2088 1389 2420 1455 blanditia

376 1478 740 1562 popularis3
790 1478 1136 1563 aspicitur,
1177 1501 1315 1544 non
1360 1478 1793 1564 adtrectatur3
1836 1479 2067 1563 procul
2112 1482 2419 1562 apparet,

287 1581 357 1631 80
376 1587 511 1630 non
547 1566 892 1650 excutitur,
925 1589 1064 1632 non
1096 1567 1169 1632 in
1203 1589 1437 1632 manus
1476 1567 1776 1632 sumitur.
1841 1566 2162 1632 Omnibus
2200 1566 2421 1652 igitur
2447 1591 2489 1633 15

375 1654 572 1718 rebus
609 1659 914 1719 ornatum
939 1655 1276 1720 hominem
1304 1659 1443 1720 tam
1472 1656 1759 1720 externis
1786 1677 1985 1738 quam
2010 1655 2419 1738 domesticiS,

373 1763 510 1806 non
552 1741 752 1806 nullis
797 1743 992 1808 rebus
1039 1743 1417 1809 inferiorem
1464 1765 1661 1827 quam
1704 1747 1799 1828 te,
1844 1742 2102 1844 generis
2148 1742 2297 1808 dico
2350 1747 2421 1808 et

373 1830 678 1913 nominis,
717 1831 1119 1914 superiorem
1147 1832 1317 1916 aliis,
1352 1831 1773 1916 municipum,
1799 1831 2183 1916 vicinorum,
2210 1832 2418 1896 socie-

375 1922 592 1983 tatum
611 1918 850 2004 studi0,
868 1941 1165 1986 meorum
1173 1923 1547 2004 temporum
1558 1919 1890 2005 memoria,
1905 1942 2135 2004 parem
2144 1918 2418 2005 virtute,

375 2007 779 2092 integritate,
824 2009 1150 2073 modestia
1194 2009 1470 2073 aedilem
1514 2008 1765 2073 factum
1808 2030 1953 2075 esse
1999 2009 2311 2073 miraris?
2443 2033 2489 2074 n

507 2095 701 2159 Hunc
747 2100 824 2161 tu
867 2096 1044 2161 vitae
1091 2097 1505 2182 splendorem
1549 2097 1822 2163 18888118
1868 2097 2167 2183 aspergis
2212 2097 2417 2163 istis?

374 2182 546 2247 Iacis
593 2183 934 2283 adulteria,
978 2206 1146 2268 quae
1191 2206 1384 2249 nemo
1430 2206 1565 2251 808
1609 2185 1802 2251 modo
1848 2185 2132 2267 80111188,
2178 2185 2294 2249 sed
2330 2207 2419 2251 118

375 2272 746 2354 suspicione
829 2271 1092 2356 quidem
1171 2274 1387 2357 possit
1467 2294 1839 2359 agnoscere.
1964 2272 2417 2373 Bimaritum'

375 2359 697 2443 appellas,
749 2363 828 2424 ut
879 2362 1080 2425 verba
1135 2361 1339 2427 etiam
1381 2362 1621 2463 fingas,
1672 2384 1808 2428 non
1854 2361 2070 2427 solum
2116 2360 2417 2427 crimina.

373 2446 664 2512 Ductum
711 2468 852 2512 esse
900 2449 985 2512 ab
1026 2470 1107 2513 eo
1152 2449 1226 2513 18
1267 2449 1673 2550 provinciam
1720 2450 2007 2535 aliquem
2051 2449 2215 2515 dicis
2263 2449 2419 2515 libi-
2444 2472 2491 2514 2⁵

375 2534 546 2599 dinis
602 2557 826 2619 88888,
881 2536 1057 2619 quod
1111 2558 1247 2602 non
1292 2538 1539 2602 crimen
1582 2542 1713 2617 est,
1758 2539 1874 2605 sed
1916 2538 2296 2623 inpunitum
2346 2539 2423 2603 in

373 2623 724 2689 maledicto
790 2624 1226 2709 mendacium3
1291 2629 1551 2709 raptam
1606 2647 1748 2691 esse
1802 2626 2171 2709 mimulam,
2238 2628 2423 2710 quod

374 2711 616 2775 dicitur
660 2710 902 2778 Atinae
960 2712 1214 2778 factum
1267 2735 1309 2777 a
1362 2714 1703 2779 iuventute
1745 2719 1963 2779 vetere
2012 2714 2298 2797 quodam
2346 2716 2423 2779 in

285 2820 352 2870 81
377 2800 708 2865 scaenicos
755 2800 896 2865 iure
933 2801 1344 2885 maximeque
1382 2801 1725 2885 oppidano.
1806 2802 1861 2867 Ο
1898 2802 2421 2867 adulescentiam

375 2888 748 2952 traductam
797 2888 1160 2974 eleganter,
1221 2890 1327 2953 cui
1372 2889 1636 2973 quidem
1682 2912 1855 2973 cum,
1911 2890 2086 2973 quod
2130 2890 2424 2975 licuerit,
2447 2916 2495 2955 a

375 2975 720 3060 obiciatur,
757 2980 980 3041 tamen
1011 2978 1135 3042 id
1116 2999 1336 3061 ipsum
1369 2976 1613 3041 falsum
1648 2940 2038 3079 reperiatur!
2106 2976 2421 3043 Emissus

374 3062 582 3147 aliqui
637 3085 674 3129 8
727 3084 1002 3130 carcere.
1101 3065 1196 3131 Et
1251 3065 1515 3165 quidem
1568 3067 1849 3131 emissus
1903 3088 2023 3151 per
2067 3066 2424 3149 inpruden—

373 3151 568 3235 tiam,
616 3152 924 3237 emissus,
967 3157 1046 3219 ut
1097 3152 1464 3239 cognostis,
1509 3154 1865 3221 necessarii
1908 3154 2199 3220 hominis
2248 3156 2425 3239 opti-

284 3300 289 3306 .
373 3238 594 3321 mique
642 3240 1078 3307 adulescentis
1123 3245 1393 3325 rogatu3
1436 3242 1611 3307 idem
1654 3247 1891 3327 postea
1923 3242 2427 3344 praemandatis

372 3326 750 3407 requisitus.
847 3329 1072 3411 Atque
1135 3328 1301 3393 11888
1352 3350 1473 3393 888
1526 3330 1665 3394 ulla
1718 3331 1851 3395 alia
1906 3335 2062 3397 sunt
2117 3331 2429 3397 coniecta
2453 3354 2502 3396 ει

373 3412 724 3477 maledicta
769 3414 850 3479 18
884 3415 1024 3480 8188
1069 3415 1305 3500 vitam,
1360 3417 1439 3481 do
1486 3418 1671 3482 cuius
1717 3440 1836 3485 vos
1880 3421 2150 3505 pudore,
2194 3420 2428 3508 religi—

366 3518 515 3582 one,
559 3499 948 3585 integritate
983 3502 1323 3569 dubitetis.

681 3790 724 3854 Α)
