<?xml version="1.0" encoding="UTF-8"?>
<!DOCTYPE html PUBLIC "-//W3C//DTD XHTML 1.0 Transitional//EN"
    "http://www.w3.org/TR/xhtml1/DTD/xhtml1-transitional.dtd">
<html xmlns="http://www.w3.org/1999/xhtml" xml:lang="en" lang="en">
 <head>
  <title>
</title>
<meta http-equiv="Content-Type" content="text/html;charset=utf-8" />
  <meta name='ocr-system' content='tesseract 3.04.00' />
  <meta name='ocr-capabilities' content='ocr_page ocr_carea ocr_par ocr_line ocrx_word'/>
</head>
<body>
  <div class='ocr_page' id='page_1' title='image "./scriptaquaemans00mlgoog_0611.png"; bbox 0 0 2550 3875; ppageno 0'>
   <div class='ocr_carea' id='block_1_1' title="bbox 712 589 1708 665">
    <p class='ocr_par' dir='ltr' id='par_1_1' title="bbox 712 589 1708 665">
     <span class='ocr_line' id='line_1_1' title="bbox 712 589 1708 665; baseline 0.003 -4"><span class='ocrx_word' id='word_1_1' title='bbox 712 589 807 662; x_wconf 91' lang='lat' dir='ltr'><strong>M.</strong></span> <span class='ocrx_word' id='word_1_2' title='bbox 866 589 1155 662; x_wconf 85' lang='lat' dir='ltr'><strong>TULLI</strong></span> <span class='ocrx_word' id='word_1_3' title='bbox 1209 589 1708 665; x_wconf 81' lang='lat' dir='ltr'>CICERONIS</span> 
     </span>
    </p>
   </div>
   <div class='ocr_carea' id='block_1_2' title="bbox 184 770 2238 1014">
    <p class='ocr_par' dir='ltr' id='par_1_2' title="bbox 184 770 2238 1014">
     <span class='ocr_line' id='line_1_2' title="bbox 184 770 2238 857; baseline 0.001 -3"><span class='ocrx_word' id='word_1_4' title='bbox 184 772 306 854; x_wconf 91' lang='lat' dir='ltr'><strong>IN</strong></span> <span class='ocrx_word' id='word_1_5' title='bbox 378 773 481 855; x_wconf 91' lang='lat' dir='ltr'><strong>M.</strong></span> <span class='ocrx_word' id='word_1_6' title='bbox 563 770 1111 855; x_wconf 86' lang='lat' dir='ltr'><strong>ANTONIUM</strong></span> <span class='ocrx_word' id='word_1_7' title='bbox 1177 771 1561 856; x_wconf 81' lang='lat' dir='ltr'><strong>ORATIO</strong></span> <span class='ocrx_word' id='word_1_8' title='bbox 1627 771 2238 857; x_wconf 84' lang='lat' dir='ltr'><strong>PHILIPPICA</strong></span> 
     </span>
     <span class='ocr_line' id='line_1_3' title="bbox 1002 929 1421 1014; baseline 0 0"><span class='ocrx_word' id='word_1_9' title='bbox 1002 929 1421 1014; x_wconf 73' lang='lat' dir='ltr'>OCTAVA,</span> 
     </span>
    </p>
   </div>
   <div class='ocr_carea' id='block_1_3' title="bbox 920 1259 1508 1321">
    <p class='ocr_par' dir='ltr' id='par_1_3' title="bbox 920 1259 1508 1321">
     <span class='ocr_line' id='line_1_4' title="bbox 920 1259 1508 1321; baseline 0.003 -2"><span class='ocrx_word' id='word_1_10' title='bbox 920 1259 1508 1321; x_wconf 85' lang='lat' dir='ltr'><strong>ARGUMENTUM.</strong></span> 
     </span>
    </p>
   </div>
   <div class='ocr_carea' id='block_1_4' title="bbox 185 1392 2229 2523">
    <p class='ocr_par' dir='ltr' id='par_1_4' title="bbox 185 1392 2229 2523">
     <span class='ocr_line' id='line_1_5' title="bbox 334 1392 2228 1463; baseline 0 -15"><span class='ocrx_word' id='word_1_11' title='bbox 334 1396 644 1463; x_wconf 85' lang='lat' dir='ltr'><strong>Postquam</strong></span> <span class='ocrx_word' id='word_1_12' title='bbox 663 1393 777 1449; x_wconf 87' lang='lat' dir='ltr'><strong>Ser.</strong></span> <span class='ocrx_word' id='word_1_13' title='bbox 800 1392 899 1448; x_wconf 84' lang='lat' dir='ltr'><strong>Sul</strong></span> <span class='ocrx_word' id='word_1_14' title='bbox 940 1394 1049 1448; x_wconf 92' lang='lat' dir='ltr'><strong>icio</strong></span> <span class='ocrx_word' id='word_1_15' title='bbox 1077 1393 1139 1446; x_wconf 91' lang='lat' dir='ltr'><strong>in</strong></span> <span class='ocrx_word' id='word_1_16' title='bbox 1165 1393 1454 1462; x_wconf 77' lang='lat' dir='ltr'>legatione</span> <span class='ocrx_word' id='word_1_17' title='bbox 1471 1394 1547 1447; x_wconf 93' lang='lat' dir='ltr'><strong>ad</strong></span> <span class='ocrx_word' id='word_1_18' title='bbox 1565 1393 1639 1448; x_wconf 92' lang='lat' dir='ltr'><strong>M.</strong></span> <span class='ocrx_word' id='word_1_19' title='bbox 1658 1393 1967 1448; x_wconf 88' lang='lat' dir='ltr'><strong>Antonium</strong></span> <span class='ocrx_word' id='word_1_20' title='bbox 1986 1397 2228 1462; x_wconf 85' lang='lat' dir='ltr'><strong>mortuo,</strong></span> 
     </span>
     <span class='ocr_line' id='line_1_6' title="bbox 186 1463 2226 1535; baseline 0 -16"><span class='ocrx_word' id='word_1_21' title='bbox 186 1465 291 1535; x_wconf 89' lang='lat' dir='ltr'><strong>qui</strong></span> <span class='ocrx_word' id='word_1_22' title='bbox 326 1466 533 1533; x_wconf 84' lang='lat' dir='ltr'><strong>reliqui</strong></span> <span class='ocrx_word' id='word_1_23' title='bbox 569 1467 730 1520; x_wconf 90' lang='lat' dir='ltr'><strong>erant</strong></span> <span class='ocrx_word' id='word_1_24' title='bbox 767 1465 877 1520; x_wconf 89' lang='lat' dir='ltr'><strong>duo</strong></span> <span class='ocrx_word' id='word_1_25' title='bbox 941 1463 1123 1533; x_wconf 87' lang='lat' dir='ltr'><strong>egati,</strong></span> <span class='ocrx_word' id='word_1_26' title='bbox 1168 1463 1229 1518; x_wconf 90' lang='lat' dir='ltr'><strong>L.</strong></span> <span class='ocrx_word' id='word_1_27' title='bbox 1267 1464 1400 1518; x_wconf 90' lang='lat' dir='ltr'><strong>Piso</strong></span> <span class='ocrx_word' id='word_1_28' title='bbox 1439 1466 1498 1518; x_wconf 89' lang='lat' dir='ltr'><strong>et</strong></span> <span class='ocrx_word' id='word_1_29' title='bbox 1532 1464 1594 1520; x_wconf 88' lang='lat' dir='ltr'><strong>L.</strong></span> <span class='ocrx_word' id='word_1_30' title='bbox 1631 1463 1926 1534; x_wconf 79' lang='lat' dir='ltr'><strong>Philippus</strong></span> <span class='ocrx_word' id='word_1_31' title='bbox 1966 1463 2106 1520; x_wconf 87' lang='lat' dir='ltr'><strong>satis</strong></span> <span class='ocrx_word' id='word_1_32' title='bbox 2142 1463 2226 1519; x_wconf 90' lang='lat' dir='ltr'><strong>in-</strong></span> 
     </span>
     <span class='ocr_line' id='line_1_7' title="bbox 186 1535 2225 1606; baseline -0 -16"><span class='ocrx_word' id='word_1_33' title='bbox 186 1535 519 1591; x_wconf 77' lang='lat' dir='ltr'><strong>tolerabilia</strong></span> <span class='ocrx_word' id='word_1_34' title='bbox 552 1535 845 1606; x_wconf 88' lang='lat' dir='ltr'><strong>postulata</strong></span> <span class='ocrx_word' id='word_1_35' title='bbox 882 1535 954 1588; x_wconf 91' lang='lat' dir='ltr'><strong>ad</strong></span> <span class='ocrx_word' id='word_1_36' title='bbox 993 1536 1249 1588; x_wconf 83' lang='lat' dir='ltr'><strong>senatum</strong></span> <span class='ocrx_word' id='word_1_37' title='bbox 1291 1535 1362 1588; x_wconf 91' lang='lat' dir='ltr'><strong>ab</strong></span> <span class='ocrx_word' id='word_1_38' title='bbox 1391 1535 1640 1590; x_wconf 88' lang='lat' dir='ltr'><strong>Antonio</strong></span> <span class='ocrx_word' id='word_1_39' title='bbox 1670 1535 2026 1604; x_wconf 86' lang='lat' dir='ltr'><strong>rettulerunt,</strong></span> <span class='ocrx_word' id='word_1_40' title='bbox 2065 1551 2225 1589; x_wconf 89' lang='lat' dir='ltr'><strong>sena·</strong></span> 
     </span>
     <span class='ocr_line' id='line_1_8' title="bbox 185 1604 2226 1676; baseline 0 -16"><span class='ocrx_word' id='word_1_41' title='bbox 185 1609 284 1660; x_wconf 85' lang='lat' dir='ltr'><strong>tus</strong></span> <span class='ocrx_word' id='word_1_42' title='bbox 330 1606 547 1660; x_wconf 91' lang='lat' dir='ltr'><strong>bellum</strong></span> <span class='ocrx_word' id='word_1_43' title='bbox 593 1606 822 1674; x_wconf 89' lang='lat' dir='ltr'><strong>quidem</strong></span> <span class='ocrx_word' id='word_1_44' title='bbox 870 1607 1067 1660; x_wconf 90' lang='lat' dir='ltr'><strong>contra</strong></span> <span class='ocrx_word' id='word_1_45' title='bbox 1099 1605 1175 1660; x_wconf 88' lang='lat' dir='ltr'><strong>M.</strong></span> <span class='ocrx_word' id='word_1_46' title='bbox 1212 1604 1524 1659; x_wconf 93' lang='lat' dir='ltr'><strong>Antonium</strong></span> <span class='ocrx_word' id='word_1_47' title='bbox 1569 1605 1988 1674; x_wconf 88' lang='lat' dir='ltr'><strong>suscipiendum</strong></span> <span class='ocrx_word' id='word_1_48' title='bbox 2035 1606 2226 1676; x_wconf 87' lang='lat' dir='ltr'><strong>potius</strong></span> 
     </span>
     <span class='ocr_line' id='line_1_9' title="bbox 190 1675 2226 1746; baseline 0 -16"><span class='ocrx_word' id='word_1_49' title='bbox 190 1678 447 1732; x_wconf 82' lang='lat' dir='ltr'><strong>decrevit</strong></span> <span class='ocrx_word' id='word_1_50' title='bbox 474 1694 644 1746; x_wconf 90' lang='lat' dir='ltr'><strong>quam</strong></span> <span class='ocrx_word' id='word_1_51' title='bbox 673 1675 1031 1731; x_wconf 83' lang='lat' dir='ltr'><strong>condiciones</strong></span> <span class='ocrx_word' id='word_1_52' title='bbox 1064 1677 1440 1744; x_wconf 68' lang='lat' dir='ltr'><strong>accipiendae,</strong></span> <span class='ocrx_word' id='word_1_53' title='bbox 1480 1677 1578 1730; x_wconf 86' lang='lat' dir='ltr'><strong>sed</strong></span> <span class='ocrx_word' id='word_1_54' title='bbox 1605 1675 1791 1730; x_wconf 86' lang='lat' dir='ltr'><strong>lenius</strong></span> <span class='ocrx_word' id='word_1_55' title='bbox 1821 1678 2026 1745; x_wconf 83' lang='lat' dir='ltr'><strong>tamen,</strong></span> <span class='ocrx_word' id='word_1_56' title='bbox 2057 1694 2226 1744; x_wconf 89' lang='lat' dir='ltr'><strong>quam</strong></span> 
     </span>
     <span class='ocr_line' id='line_1_10' title="bbox 188 1745 2225 1828; baseline 0 -27"><span class='ocrx_word' id='word_1_57' title='bbox 188 1747 265 1803; x_wconf 92' lang='lat' dir='ltr'><strong>M.</strong></span> <span class='ocrx_word' id='word_1_58' title='bbox 304 1747 499 1803; x_wconf 90' lang='lat' dir='ltr'><strong>Cicero</strong></span> <span class='ocrx_word' id='word_1_59' title='bbox 547 1750 607 1801; x_wconf 90' lang='lat' dir='ltr'><strong>et</strong></span> <span class='ocrx_word' id='word_1_60' title='bbox 652 1748 750 1816; x_wconf 91' lang='lat' dir='ltr'><strong>qui</strong></span> <span class='ocrx_word' id='word_1_61' title='bbox 796 1746 917 1800; x_wconf 89' lang='lat' dir='ltr'><strong>eius</strong></span> <span class='ocrx_word' id='word_1_62' title='bbox 963 1749 1155 1815; x_wconf 88' lang='lat' dir='ltr'><strong>partes</strong></span> <span class='ocrx_word' id='word_1_63' title='bbox 1202 1745 1263 1798; x_wconf 89' lang='lat' dir='ltr'><strong>in</strong></span> <span class='ocrx_word' id='word_1_64' title='bbox 1308 1761 1369 1800; x_wconf 92' lang='lat' dir='ltr'><strong>re</strong></span> <span class='ocrx_word' id='word_1_65' title='bbox 1415 1747 1646 1815; x_wconf 89' lang='lat' dir='ltr'><strong>publica</strong></span> <span class='ocrx_word' id='word_1_66' title='bbox 1683 1747 2064 1828; x_wconf 74' lang='lat' dir='ltr'><strong>sequebantur</strong></span> <span class='ocrx_word' id='word_1_67' title='bbox 2101 1765 2225 1802; x_wconf 92' lang='lat' dir='ltr'><strong>cen·</strong></span> 
     </span>
     <span class='ocr_line' id='line_1_11' title="bbox 190 1816 2225 1887; baseline 0 -15"><span class='ocrx_word' id='word_1_68' title='bbox 190 1820 440 1874; x_wconf 85' lang='lat' dir='ltr'><strong>suerunt.</strong></span> <span class='ocrx_word' id='word_1_69' title='bbox 523 1818 669 1872; x_wconf 86' lang='lat' dir='ltr'><strong>Nam</strong></span> <span class='ocrx_word' id='word_1_70' title='bbox 713 1818 773 1871; x_wconf 91' lang='lat' dir='ltr'><strong>id</strong></span> <span class='ocrx_word' id='word_1_71' title='bbox 818 1817 838 1870; x_wconf 93' lang='lat' dir='ltr'><strong>i</strong></span> <span class='ocrx_word' id='word_1_72' title='bbox 882 1834 1005 1870; x_wconf 91' lang='lat' dir='ltr'><strong>sum</strong></span> <span class='ocrx_word' id='word_1_73' title='bbox 1049 1816 1263 1871; x_wconf 88' lang='lat' dir='ltr'><strong>bellum</strong></span> <span class='ocrx_word' id='word_1_74' title='bbox 1308 1817 1586 1870; x_wconf 87' lang='lat' dir='ltr'><strong>tumultus</strong></span> <span class='ocrx_word' id='word_1_75' title='bbox 1631 1833 1860 1872; x_wconf 87' lang='lat' dir='ltr'><strong>nomme</strong></span> <span class='ocrx_word' id='word_1_76' title='bbox 1905 1818 2225 1887; x_wconf 85' lang='lat' dir='ltr'><strong>appellave-</strong></span> 
     </span>
     <span class='ocr_line' id='line_1_12' title="bbox 192 1887 2226 1957; baseline -0.001 -13"><span class='ocrx_word' id='word_1_77' title='bbox 192 1893 325 1945; x_wconf 90' lang='lat' dir='ltr'><strong>rant</strong></span> <span class='ocrx_word' id='word_1_78' title='bbox 362 1892 422 1943; x_wconf 91' lang='lat' dir='ltr'><strong>et</strong></span> <span class='ocrx_word' id='word_1_79' title='bbox 454 1887 515 1944; x_wconf 89' lang='lat' dir='ltr'><strong>L.</strong></span> <span class='ocrx_word' id='word_1_80' title='bbox 554 1888 789 1943; x_wconf 87' lang='lat' dir='ltr'><strong>Varium</strong></span> <span class='ocrx_word' id='word_1_81' title='bbox 872 1888 1102 1957; x_wconf 84' lang='lat' dir='ltr'><strong>otylam‚</strong></span> <span class='ocrx_word' id='word_1_82' title='bbox 1140 1903 1307 1956; x_wconf 87' lang='lat' dir='ltr'><strong>quem</strong></span> <span class='ocrx_word' id='word_1_83' title='bbox 1347 1887 1415 1942; x_wconf 92' lang='lat' dir='ltr'><strong>de</strong></span> <span class='ocrx_word' id='word_1_84' title='bbox 1453 1887 1568 1943; x_wconf 88' lang='lat' dir='ltr'><strong>suis</strong></span> <span class='ocrx_word' id='word_1_85' title='bbox 1609 1887 1804 1942; x_wconf 85' lang='lat' dir='ltr'><strong>amicis</strong></span> <span class='ocrx_word' id='word_1_86' title='bbox 1840 1889 1914 1945; x_wconf 92' lang='lat' dir='ltr'><strong>M.</strong></span> <span class='ocrx_word' id='word_1_87' title='bbox 1943 1887 2226 1943; x_wconf 90' lang='lat' dir='ltr'><strong>Antonius</strong></span> 
     </span>
     <span class='ocr_line' id='line_1_13' title="bbox 188 1958 2225 2029; baseline -0.001 -14"><span class='ocrx_word' id='word_1_88' title='bbox 188 1977 306 2015; x_wconf 91' lang='lat' dir='ltr'><strong>una</strong></span> <span class='ocrx_word' id='word_1_89' title='bbox 344 1978 471 2015; x_wconf 92' lang='lat' dir='ltr'><strong>cum</strong></span> <span class='ocrx_word' id='word_1_90' title='bbox 508 1960 743 2029; x_wconf 74' lang='lat' dir='ltr'><strong>legatiS,</strong></span> <span class='ocrx_word' id='word_1_91' title='bbox 781 1976 921 2029; x_wconf 90' lang='lat' dir='ltr'><strong>quos</strong></span> <span class='ocrx_word' id='word_1_92' title='bbox 960 1958 1221 2026; x_wconf 86' lang='lat' dir='ltr'><strong>diximus,</strong></span> <span class='ocrx_word' id='word_1_93' title='bbox 1258 1958 1515 2027; x_wconf 83' lang='lat' dir='ltr'><strong>Romam,</strong></span> <span class='ocrx_word' id='word_1_94' title='bbox 1555 1961 1619 2012; x_wconf 88' lang='lat' dir='ltr'><strong>ut</strong></span> <span class='ocrx_word' id='word_1_95' title='bbox 1657 1975 1818 2013; x_wconf 88' lang='lat' dir='ltr'><strong>suam</strong></span> <span class='ocrx_word' id='word_1_96' title='bbox 1854 1975 1975 2014; x_wconf 91' lang='lat' dir='ltr'><strong>rem</strong></span> <span class='ocrx_word' id='word_1_97' title='bbox 2013 1962 2225 2029; x_wconf 89' lang='lat' dir='ltr'><strong>ageret,</strong></span> 
     </span>
     <span class='ocr_line' id='line_1_14' title="bbox 188 2028 2229 2099; baseline -0.001 -14"><span class='ocrx_word' id='word_1_98' title='bbox 188 2031 451 2099; x_wconf 83' lang='lat' dir='ltr'><strong>miserat,</strong></span> <span class='ocrx_word' id='word_1_99' title='bbox 497 2031 571 2085; x_wconf 85' lang='lat' dir='ltr'><strong>ad</strong></span> <span class='ocrx_word' id='word_1_100' title='bbox 605 2030 915 2085; x_wconf 76' lang='lat' dir='ltr'><strong>Antonium</strong></span> <span class='ocrx_word' id='word_1_101' title='bbox 950 2030 1352 2084; x_wconf 83' lang='lat' dir='ltr'><strong>remittendum</strong></span> <span class='ocrx_word' id='word_1_102' title='bbox 1391 2032 1450 2083; x_wconf 84' lang='lat' dir='ltr'><strong>et</strong></span> <span class='ocrx_word' id='word_1_103' title='bbox 1485 2030 1656 2084; x_wconf 83' lang='lat' dir='ltr'><strong>tertio</strong></span> <span class='ocrx_word' id='word_1_104' title='bbox 1695 2028 1920 2083; x_wconf 90' lang='lat' dir='ltr'><strong>demum</strong></span> <span class='ocrx_word' id='word_1_105' title='bbox 1956 2030 2049 2085; x_wconf 90' lang='lat' dir='ltr'><strong>die</strong></span> <span class='ocrx_word' id='word_1_106' title='bbox 2087 2046 2229 2099; x_wconf 85' lang='lat' dir='ltr'><strong>saga</strong></span> 
     </span>
     <span class='ocr_line' id='line_1_15' title="bbox 191 2100 2225 2170; baseline -0 -14"><span class='ocrx_word' id='word_1_107' title='bbox 191 2101 469 2157; x_wconf 84' lang='lat' dir='ltr'><strong>sumenda</strong></span> <span class='ocrx_word' id='word_1_108' title='bbox 514 2100 894 2157; x_wconf 73' lang='lat' dir='ltr'><strong>decreverant.</strong></span> <span class='ocrx_word' id='word_1_109' title='bbox 966 2100 1150 2166; x_wconf 86' lang='lat' dir='ltr'><strong>Quam</strong></span> <span class='ocrx_word' id='word_1_110' title='bbox 1194 2100 1269 2154; x_wconf 89' lang='lat' dir='ltr'><strong>ob</strong></span> <span class='ocrx_word' id='word_1_111' title='bbox 1305 2116 1426 2154; x_wconf 90' lang='lat' dir='ltr'><strong>rem</strong></span> <span class='ocrx_word' id='word_1_112' title='bbox 1463 2117 1589 2155; x_wconf 91' lang='lat' dir='ltr'><strong>cum</strong></span> <span class='ocrx_word' id='word_1_113' title='bbox 1624 2100 1900 2169; x_wconf 81' lang='lat' dir='ltr'><strong>postridie</strong></span> <span class='ocrx_word' id='word_1_114' title='bbox 1939 2100 2058 2170; x_wconf 87' lang='lat' dir='ltr'><strong>eius</strong></span> <span class='ocrx_word' id='word_1_115' title='bbox 2095 2101 2225 2167; x_wconf 84' lang='lat' dir='ltr'><strong>diei,</strong></span> 
     </span>
     <span class='ocr_line' id='line_1_16' title="bbox 191 2170 2226 2242; baseline -0 -15"><span class='ocrx_word' id='word_1_116' title='bbox 191 2190 302 2242; x_wconf 90' lang='lat' dir='ltr'><strong>quo</strong></span> <span class='ocrx_word' id='word_1_117' title='bbox 351 2174 493 2227; x_wconf 87' lang='lat' dir='ltr'><strong>haec</strong></span> <span class='ocrx_word' id='word_1_118' title='bbox 529 2172 590 2225; x_wconf 87' lang='lat' dir='ltr'><strong>in</strong></span> <span class='ocrx_word' id='word_1_119' title='bbox 627 2173 828 2226; x_wconf 89' lang='lat' dir='ltr'><strong>senatu</strong></span> <span class='ocrx_word' id='word_1_120' title='bbox 866 2173 997 2226; x_wconf 88' lang='lat' dir='ltr'><strong>acta</strong></span> <span class='ocrx_word' id='word_1_121' title='bbox 1033 2172 1221 2239; x_wconf 88' lang='lat' dir='ltr'><strong>erant,</strong></span> <span class='ocrx_word' id='word_1_122' title='bbox 1267 2170 1326 2227; x_wconf 84' lang='lat' dir='ltr'><strong>G.</strong></span> <span class='ocrx_word' id='word_1_123' title='bbox 1364 2171 1550 2225; x_wconf 88' lang='lat' dir='ltr'><strong>Pansa</strong></span> <span class='ocrx_word' id='word_1_124' title='bbox 1587 2172 1783 2225; x_wconf 89' lang='lat' dir='ltr'><strong>consul</strong></span> <span class='ocrx_word' id='word_1_125' title='bbox 1821 2171 1881 2224; x_wconf 89' lang='lat' dir='ltr'><strong>in</strong></span> <span class='ocrx_word' id='word_1_126' title='bbox 1919 2175 2117 2226; x_wconf 86' lang='lat' dir='ltr'><strong>senatu</strong></span> <span class='ocrx_word' id='word_1_127' title='bbox 2156 2172 2226 2225; x_wconf 90' lang='lat' dir='ltr'><strong>de</strong></span> 
     </span>
     <span class='ocr_line' id='line_1_17' title="bbox 189 2241 2225 2311; baseline 0 -14"><span class='ocrx_word' id='word_1_128' title='bbox 189 2242 405 2298; x_wconf 85' lang='lat' dir='ltr'><strong>litteris</strong></span> <span class='ocrx_word' id='word_1_129' title='bbox 444 2244 510 2298; x_wconf 89' lang='lat' dir='ltr'><strong>A.</strong></span> <span class='ocrx_word' id='word_1_130' title='bbox 540 2242 693 2296; x_wconf 86' lang='lat' dir='ltr'><strong>Hirti</strong></span> <span class='ocrx_word' id='word_1_131' title='bbox 730 2242 977 2297; x_wconf 91' lang='lat' dir='ltr'><strong>consulis</strong></span> <span class='ocrx_word' id='word_1_132' title='bbox 1016 2242 1256 2311; x_wconf 86' lang='lat' dir='ltr'><strong>aliisque</strong></span> <span class='ocrx_word' id='word_1_133' title='bbox 1293 2242 1462 2296; x_wconf 87' lang='lat' dir='ltr'><strong>rebus</strong></span> <span class='ocrx_word' id='word_1_134' title='bbox 1499 2242 1748 2310; x_wconf 83' lang='lat' dir='ltr'><strong>referret,</strong></span> <span class='ocrx_word' id='word_1_135' title='bbox 1787 2242 1862 2297; x_wconf 90' lang='lat' dir='ltr'><strong>M.</strong></span> <span class='ocrx_word' id='word_1_136' title='bbox 1893 2241 2087 2298; x_wconf 88' lang='lat' dir='ltr'><strong>Cicero</strong></span> <span class='ocrx_word' id='word_1_137' title='bbox 2125 2258 2225 2297; x_wconf 90' lang='lat' dir='ltr'><strong>suo</strong></span> 
     </span>
     <span class='ocr_line' id='line_1_18' title="bbox 189 2312 2228 2384; baseline 0 -16"><span class='ocrx_word' id='word_1_138' title='bbox 189 2314 317 2368; x_wconf 92' lang='lat' dir='ltr'><strong>loco</strong></span> <span class='ocrx_word' id='word_1_139' title='bbox 352 2313 694 2367; x_wconf 87' lang='lat' dir='ltr'><strong>sententiam</strong></span> <span class='ocrx_word' id='word_1_140' title='bbox 719 2315 952 2382; x_wconf 86' lang='lat' dir='ltr'><strong>rogatus</strong></span> <span class='ocrx_word' id='word_1_141' title='bbox 980 2312 1144 2383; x_wconf 89' lang='lat' dir='ltr'><strong>hanc,</strong></span> <span class='ocrx_word' id='word_1_142' title='bbox 1176 2328 1320 2381; x_wconf 88' lang='lat' dir='ltr'><strong>quae</strong></span> <span class='ocrx_word' id='word_1_143' title='bbox 1349 2312 1498 2367; x_wconf 87' lang='lat' dir='ltr'><strong>infra</strong></span> <span class='ocrx_word' id='word_1_144' title='bbox 1527 2314 1740 2384; x_wconf 86' lang='lat' dir='ltr'><strong>scripta</strong></span> <span class='ocrx_word' id='word_1_145' title='bbox 1767 2315 1870 2381; x_wconf 86' lang='lat' dir='ltr'><strong>est,</strong></span> <span class='ocrx_word' id='word_1_146' title='bbox 1910 2312 2228 2368; x_wconf 89' lang='lat' dir='ltr'><strong>orationem</strong></span> 
     </span>
     <span class='ocr_line' id='line_1_19' title="bbox 191 2383 2228 2454; baseline 0 -15"><span class='ocrx_word' id='word_1_147' title='bbox 191 2384 421 2451; x_wconf 87' lang='lat' dir='ltr'><strong>habuit,</strong></span> <span class='ocrx_word' id='word_1_148' title='bbox 460 2400 589 2451; x_wconf 89' lang='lat' dir='ltr'><strong>qua,</strong></span> <span class='ocrx_word' id='word_1_149' title='bbox 630 2400 796 2453; x_wconf 89' lang='lat' dir='ltr'><strong>quem</strong></span> <span class='ocrx_word' id='word_1_150' title='bbox 834 2384 909 2437; x_wconf 88' lang='lat' dir='ltr'><strong>ad</strong></span> <span class='ocrx_word' id='word_1_151' title='bbox 942 2384 1175 2439; x_wconf 89' lang='lat' dir='ltr'><strong>modum</strong></span> <span class='ocrx_word' id='word_1_152' title='bbox 1210 2386 1412 2438; x_wconf 88' lang='lat' dir='ltr'><strong>contra</strong></span> <span class='ocrx_word' id='word_1_153' title='bbox 1447 2383 1522 2439; x_wconf 90' lang='lat' dir='ltr'><strong>M.</strong></span> <span class='ocrx_word' id='word_1_154' title='bbox 1559 2383 1870 2439; x_wconf 88' lang='lat' dir='ltr'><strong>Antonium</strong></span> <span class='ocrx_word' id='word_1_155' title='bbox 1909 2384 2020 2439; x_wconf 88' lang='lat' dir='ltr'><strong>sibi</strong></span> <span class='ocrx_word' id='word_1_156' title='bbox 2059 2400 2228 2454; x_wconf 86' lang='lat' dir='ltr'><strong>agen·</strong></span> 
     </span>
     <span class='ocr_line' id='line_1_20' title="bbox 191 2454 1253 2523; baseline 0 -14"><span class='ocrx_word' id='word_1_157' title='bbox 191 2456 329 2509; x_wconf 88' lang='lat' dir='ltr'><strong>dum</strong></span> <span class='ocrx_word' id='word_1_158' title='bbox 366 2455 674 2523; x_wconf 78' lang='lat' dir='ltr'><strong>videretur,</strong></span> <span class='ocrx_word' id='word_1_159' title='bbox 714 2456 974 2508; x_wconf 87' lang='lat' dir='ltr'><strong>senatum</strong></span> <span class='ocrx_word' id='word_1_160' title='bbox 1012 2454 1253 2510; x_wconf 88' lang='lat' dir='ltr'><strong>edocuit.</strong></span> 
     </span>
    </p>
   </div>
   <div class='ocr_carea' id='block_1_5' title="bbox 999 2636 1426 2644">
    <p class='ocr_par' dir='ltr' id='par_1_5' title="bbox 999 2636 1426 2644">
     <span class='ocr_line' id='line_1_21' title="bbox 999 2636 1426 2644; baseline 0 0"><span class='ocrx_word' id='word_1_161' title='bbox 999 2636 1426 2644; x_wconf 95' lang='lat' dir='ltr'><strong> </strong></span> 
     </span>
    </p>
   </div>
   <div class='ocr_carea' id='block_1_6' title="bbox 142 2779 2286 3582">
    <p class='ocr_par' dir='ltr' id='par_1_6' title="bbox 197 2779 2286 3141">
     <span class='ocr_line' id='line_1_22' title="bbox 332 2779 2286 2877; baseline -0.001 -19"><span class='ocrx_word' id='word_1_162' title='bbox 332 2792 683 2859; x_wconf 85' lang='lat' dir='ltr'><strong>Confusius</strong></span> <span class='ocrx_word' id='word_1_163' title='bbox 746 2793 1054 2858; x_wconf 89' lang='lat' dir='ltr'><strong>hesterno</strong></span> <span class='ocrx_word' id='word_1_164' title='bbox 1121 2792 1222 2857; x_wconf 90' lang='lat' dir='ltr'><strong>die</strong></span> <span class='ocrx_word' id='word_1_165' title='bbox 1289 2797 1390 2857; x_wconf 87' lang='lat' dir='ltr'><strong>est</strong></span> <span class='ocrx_word' id='word_1_166' title='bbox 1455 2798 1601 2858; x_wconf 91' lang='lat' dir='ltr'><strong>acta</strong></span> <span class='ocrx_word' id='word_1_167' title='bbox 1663 2815 1794 2877; x_wconf 89' lang='lat' dir='ltr'><strong>res,</strong></span> <span class='ocrx_word' id='word_1_168' title='bbox 1860 2791 1940 2859; x_wconf 81' lang='lat' dir='ltr'><strong>C.</strong></span> <span class='ocrx_word' id='word_1_169' title='bbox 1995 2792 2228 2877; x_wconf 86' lang='lat' dir='ltr'><strong>Pansa,</strong></span> <span class='ocrx_word' id='word_1_170' title='bbox 2251 2779 2286 2843; x_wconf 82' lang='lat'>1</span> 
     </span>
     <span class='ocr_line' id='line_1_23' title="bbox 197 2871 2278 2966; baseline -0.001 -21"><span class='ocrx_word' id='word_1_171' title='bbox 197 2904 395 2965; x_wconf 90' lang='lat' dir='ltr'><strong>quam</strong></span> <span class='ocrx_word' id='word_1_172' title='bbox 459 2881 841 2966; x_wconf 86' lang='lat' dir='ltr'><strong>postulabat</strong></span> <span class='ocrx_word' id='word_1_173' title='bbox 895 2881 1275 2945; x_wconf 87' lang='lat' dir='ltr'><strong>institutum</strong></span> <span class='ocrx_word' id='word_1_174' title='bbox 1332 2881 1710 2945; x_wconf 89' lang='lat' dir='ltr'><strong>consulatus</strong></span> <span class='ocrx_word' id='word_1_175' title='bbox 1765 2880 1882 2945; x_wconf 90' lang='lat' dir='ltr'><strong>tui.</strong></span> <span class='ocrx_word' id='word_1_176' title='bbox 1985 2878 2228 2945; x_wconf 84' lang='lat' dir='ltr'><strong>Parum</strong></span> <span class='ocrx_word' id='word_1_177' title='bbox 2253 2871 2278 2917; x_wconf 82' lang='lat'>¹</span> 
     </span>
     <span class='ocr_line' id='line_1_24' title="bbox 198 2968 2227 3052; baseline -0 -18"><span class='ocrx_word' id='word_1_178' title='bbox 198 2970 360 3034; x_wconf 89' lang='lat' dir='ltr'><strong>mihi</strong></span> <span class='ocrx_word' id='word_1_179' title='bbox 407 2970 585 3034; x_wconf 84' lang='lat' dir='ltr'><strong>visus</strong></span> <span class='ocrx_word' id='word_1_180' title='bbox 634 2992 703 3034; x_wconf 86' lang='lat' dir='ltr'><strong>es</strong></span> <span class='ocrx_word' id='word_1_181' title='bbox 750 2991 879 3052; x_wconf 88' lang='lat' dir='ltr'><strong>eos,</strong></span> <span class='ocrx_word' id='word_1_182' title='bbox 927 2968 1163 3052; x_wconf 88' lang='lat' dir='ltr'><strong>quibus</strong></span> <span class='ocrx_word' id='word_1_183' title='bbox 1211 2969 1432 3033; x_wconf 85' lang='lat' dir='ltr'><strong>cedere</strong></span> <span class='ocrx_word' id='word_1_184' title='bbox 1478 2992 1613 3033; x_wconf 92' lang='lat' dir='ltr'><strong>non</strong></span> <span class='ocrx_word' id='word_1_185' title='bbox 1650 2969 1840 3052; x_wconf 82' lang='lat' dir='ltr'><strong>soleS,</strong></span> <span class='ocrx_word' id='word_1_186' title='bbox 1887 2968 2227 3033; x_wconf 88' lang='lat' dir='ltr'><strong>sustinere.</strong></span> 
     </span>
     <span class='ocr_line' id='line_1_25' title="bbox 198 3056 2229 3141; baseline -0.001 -20"><span class='ocrx_word' id='word_1_187' title='bbox 198 3056 372 3121; x_wconf 86' lang='lat' dir='ltr'><strong>Nam</strong></span> <span class='ocrx_word' id='word_1_188' title='bbox 411 3080 559 3122; x_wconf 93' lang='lat' dir='ltr'><strong>cum</strong></span> <span class='ocrx_word' id='word_1_189' title='bbox 596 3061 861 3123; x_wconf 87' lang='lat' dir='ltr'><strong>senatus</strong></span> <span class='ocrx_word' id='word_1_190' title='bbox 900 3079 976 3121; x_wconf 89' lang='lat' dir='ltr'><strong>ea</strong></span> <span class='ocrx_word' id='word_1_191' title='bbox 1012 3057 1218 3121; x_wconf 87' lang='lat' dir='ltr'><strong>virtus</strong></span> <span class='ocrx_word' id='word_1_192' title='bbox 1256 3056 1509 3141; x_wconf 86' lang='lat' dir='ltr'><strong>fuisset,</strong></span> <span class='ocrx_word' id='word_1_193' title='bbox 1549 3079 1711 3140; x_wconf 90' lang='lat' dir='ltr'><strong>quae</strong></span> <span class='ocrx_word' id='word_1_194' title='bbox 1751 3057 1940 3141; x_wconf 87' lang='lat' dir='ltr'><strong>solet,</strong></span> <span class='ocrx_word' id='word_1_195' title='bbox 1976 3061 2043 3120; x_wconf 92' lang='lat' dir='ltr'><strong>et</strong></span> <span class='ocrx_word' id='word_1_196' title='bbox 2081 3078 2229 3120; x_wconf 91' lang='lat' dir='ltr'><strong>cum</strong></span> 
     </span>
    </p>

    <p class='ocr_par' dir='ltr' id='par_1_7' title="bbox 142 3144 2233 3582">
     <span class='ocr_line' id='line_1_26' title="bbox 142 3144 2229 3229; baseline -0.001 -18"><span class='ocrx_word' id='word_1_197' title='bbox 142 3172 170 3211; x_wconf 79' lang='lat'><strong>5</strong></span> <span class='ocrx_word' id='word_1_198' title='bbox 199 3168 267 3209; x_wconf 81' lang='lat' dir='ltr'><strong>re</strong></span> <span class='ocrx_word' id='word_1_199' title='bbox 321 3145 613 3210; x_wconf 85' lang='lat' dir='ltr'><strong>viderent</strong></span> <span class='ocrx_word' id='word_1_200' title='bbox 659 3166 883 3210; x_wconf 87' lang='lat' dir='ltr'><strong>omnes</strong></span> <span class='ocrx_word' id='word_1_201' title='bbox 931 3166 1070 3210; x_wconf 88' lang='lat' dir='ltr'><strong>esse</strong></span> <span class='ocrx_word' id='word_1_202' title='bbox 1115 3145 1364 3209; x_wconf 92' lang='lat' dir='ltr'><strong>bellum</strong></span> <span class='ocrx_word' id='word_1_203' title='bbox 1409 3145 1800 3229; x_wconf 89' lang='lat' dir='ltr'><strong>quidamque</strong></span> <span class='ocrx_word' id='word_1_204' title='bbox 1847 3144 1912 3208; x_wconf 84' lang='lat' dir='ltr'><strong>id</strong></span> <span class='ocrx_word' id='word_1_205' title='bbox 1957 3145 2229 3209; x_wconf 82' lang='lat' dir='ltr'><strong>verbum</strong></span> 
     </span>
     <span class='ocr_line' id='line_1_27' title="bbox 198 3233 2228 3318; baseline -0 -21"><span class='ocrx_word' id='word_1_206' title='bbox 198 3234 661 3299; x_wconf 84' lang='lat' dir='ltr'><strong>removendum</strong></span> <span class='ocrx_word' id='word_1_207' title='bbox 698 3233 1191 3318; x_wconf 87' lang='lat' dir='ltr'><strong>arbitrarentur,</strong></span> <span class='ocrx_word' id='word_1_208' title='bbox 1235 3238 1352 3297; x_wconf 91' lang='lat' dir='ltr'><strong>tua</strong></span> <span class='ocrx_word' id='word_1_209' title='bbox 1387 3233 1691 3298; x_wconf 84' lang='lat' dir='ltr'><strong>voluntas</strong></span> <span class='ocrx_word' id='word_1_210' title='bbox 1730 3233 1799 3296; x_wconf 91' lang='lat' dir='ltr'><strong>in</strong></span> <span class='ocrx_word' id='word_1_211' title='bbox 1836 3233 2228 3297; x_wconf 85' lang='lat' dir='ltr'><strong>discessione</strong></span> 
     </span>
     <span class='ocr_line' id='line_1_28' title="bbox 198 3320 2231 3406; baseline 0 -21"><span class='ocrx_word' id='word_1_212' title='bbox 198 3322 326 3385; x_wconf 85' lang='lat' dir='ltr'><strong>fuit</strong></span> <span class='ocrx_word' id='word_1_213' title='bbox 366 3321 446 3386; x_wconf 92' lang='lat' dir='ltr'><strong>ad</strong></span> <span class='ocrx_word' id='word_1_214' title='bbox 482 3321 824 3386; x_wconf 87' lang='lat' dir='ltr'><strong>lenitatem</strong></span> <span class='ocrx_word' id='word_1_215' title='bbox 859 3322 1259 3404; x_wconf 88' lang='lat' dir='ltr'><strong>propensior.</strong></span> <span class='ocrx_word' id='word_1_216' title='bbox 1342 3321 1542 3385; x_wconf 91' lang='lat' dir='ltr'><strong>Victa</strong></span> <span class='ocrx_word' id='word_1_217' title='bbox 1577 3325 1680 3385; x_wconf 89' lang='lat' dir='ltr'><strong>est</strong></span> <span class='ocrx_word' id='word_1_218' title='bbox 1720 3320 1925 3406; x_wconf 85' lang='lat' dir='ltr'><strong>igitur</strong></span> <span class='ocrx_word' id='word_1_219' title='bbox 1959 3325 2231 3404; x_wconf 91' lang='lat' dir='ltr'><strong>propter</strong></span> 
     </span>
     <span class='ocr_line' id='line_1_29' title="bbox 198 3408 2231 3493; baseline 0.001 -20"><span class='ocrx_word' id='word_1_220' title='bbox 198 3410 383 3473; x_wconf 83' lang='lat' dir='ltr'><strong>verbi</strong></span> <span class='ocrx_word' id='word_1_221' title='bbox 429 3409 851 3493; x_wconf 86' lang='lat' dir='ltr'><strong>asperitatem</strong></span> <span class='ocrx_word' id='word_1_222' title='bbox 893 3414 959 3473; x_wconf 85' lang='lat' dir='ltr'><strong>te</strong></span> <span class='ocrx_word' id='word_1_223' title='bbox 998 3414 1261 3475; x_wconf 89' lang='lat' dir='ltr'><strong>auctore</strong></span> <span class='ocrx_word' id='word_1_224' title='bbox 1299 3414 1528 3474; x_wconf 87' lang='lat' dir='ltr'><strong>nostra</strong></span> <span class='ocrx_word' id='word_1_225' title='bbox 1571 3409 1915 3491; x_wconf 80' lang='lat' dir='ltr'><strong>sententia,</strong></span> <span class='ocrx_word' id='word_1_226' title='bbox 1960 3409 2120 3474; x_wconf 81' lang='lat' dir='ltr'><strong>vicit</strong></span> <span class='ocrx_word' id='word_1_227' title='bbox 2155 3408 2231 3475; x_wconf 89' lang='lat' dir='ltr'><strong>L.</strong></span> 
     </span>
     <span class='ocr_line' id='line_1_30' title="bbox 200 3496 2233 3582; baseline -0 -19"><span class='ocrx_word' id='word_1_228' title='bbox 200 3496 517 3581; x_wconf 84' lang='lat' dir='ltr'><strong>Caesaris,</strong></span> <span class='ocrx_word' id='word_1_229' title='bbox 564 3498 951 3581; x_wconf 86' lang='lat' dir='ltr'><strong>amplissimi</strong></span> <span class='ocrx_word' id='word_1_230' title='bbox 998 3497 1141 3582; x_wconf 82' lang='lat' dir='ltr'><strong>viri,</strong></span> <span class='ocrx_word' id='word_1_231' title='bbox 1188 3498 1300 3582; x_wconf 88' lang='lat' dir='ltr'><strong>qui</strong></span> <span class='ocrx_word' id='word_1_232' title='bbox 1344 3498 1527 3563; x_wconf 83' lang='lat' dir='ltr'><strong>verbi</strong></span> <span class='ocrx_word' id='word_1_233' title='bbox 1575 3497 1919 3562; x_wconf 87' lang='lat' dir='ltr'><strong>atrocitate</strong></span> <span class='ocrx_word' id='word_1_234' title='bbox 1968 3498 2233 3582; x_wconf 87' lang='lat' dir='ltr'><strong>dempta</strong></span> 
     </span>
    </p>
   </div>
  </div>
 </body>
</html>
