2550 3875
807 104 992 208 'CAR
1033 158 1170 208 5-7
1209 159 1238 219 ς
1281 159 1505 208 13—18.
2063 153 2196 218 209

157 337 348 398 num,
402 317 654 378 mentes
705 313 876 400 tegit
921 312 1162 396 datque
1210 335 1355 378 eam
1399 313 1806 398 libertatem,
1860 317 1963 398 ut,
2018 314 2196 398 quod

159 403 386 481 velint,
435 402 700 481 faciant,
745 402 1142 486 promittant
1187 407 1429 486 autem,
1476 402 1649 486 quod
1695 405 2030 486 rogentur,
2077 423 2196 467 cur

158 496 266 576 tu,
320 491 388 554 id
440 491 512 555 in
563 490 804 554 iudicio
860 493 937 554 ut
990 489 1136 574 fiat,
1191 488 1530 574 exprimis,
1586 490 1761 573 quod
1813 512 1951 554 11011
1998 490 2079 554 fit
2122 490 2195 554 in

162 579 441 663 campo?
524 577 676 643 ‘Hic
731 599 929 661 quam
981 578 1095 642 ille
1153 577 1433 663 dignior’
1477 599 1796 662 perquam
1841 597 2041 662 grave
2088 581 2194 642 est

103 683 132 724 ⁵
161 668 360 733 dictu.
437 665 581 743 Quo
618 667 812 731 modo
849 666 1058 750 igitur
1093 669 1196 730 cst
1234 665 1550 749 aequius?
1626 664 1736 730 Sic
1768 667 1980 751 credo,
2019 666 2195 750 quod

159 756 411 841 agitur,
468 755 642 838 quod
698 753 862 818 satis
909 758 1012 818 est
1055 753 1284 818 iudici:
1325 753 1492 818 “Hic
1537 753 1753 819 factus
1800 753 1943 820 est?
2037 753 2195 820 ‘Cur

157 845 290 909 iste
334 843 558 928 potius
607 864 804 927 quam
851 863 974 929 ego
987 840 1044 906 ’θ’
1128 840 1255 906 Vel
1298 842 1520 908 nescio
1566 842 1671 906 vel
1716 864 1851 908 non
1896 842 2041 907 dico
2087 842 2195 907 vel

159 931 455 1016 denique,
499 931 672 1015 quod
708 930 874 995 mihi
910 929 1376 1014 gravissimum
1414 933 1607 1014 esset,
1644 930 1703 996 si
1740 931 2040 1014 dicerem,
2078 930 2193 995 sed

160 1020 426 1104 impune
464 1022 688 1084 tamen
723 1019 1027 1082 deberem
1062 1017 1305 1083 dicere:
1343 1016 1521 1083 ‘Non
1548 1018 1767 1083 recte?
1831 1017 2008 1083 Nam
2036 1017 2195 1102 quid

79 1125 134 1164 10
163 1129 560 1193 assequerer,
599 1107 658 1172 si
691 1106 811 1170 illa
847 1110 1148 1170 extremar
1177 1105 1551 1171 defensione
1582 1109 1819 1190 uterer,
1855 1106 2192 1190 populum,

163 1197 334 1280 quod
380 1195 727 1278 voluisset,
772 1193 1035 1279 fecisse,
1079 1216 1214 1259 non
1260 1194 1435 1278 quod
1479 1193 1857 1258 debuisset?

295 1283 511 1360 Quid?
550 1283 608 1347 si
644 1282 871 1366 populi
901 1303 1159 1366 quoque
1187 1281 1439 1346 factum
1466 1282 1759 1366 defendo,
1794 1280 2191 1366 LaterensiS,

159 1376 227 1436 et
283 1373 484 1436 doceo
542 1369 658 1436 On.
707 1368 1051 1435 Plancium
1103 1392 1240 1435 non
1295 1370 1665 1454 obrepsisse
1722 1369 1804 1434 ad
1856 1370 2191 1454 honorem,

159 1460 275 1526 sed
321 1481 398 1525 οο
445 1458 702 1523 venisse
748 1479 970 1542 cursu,
1019 1458 1131 1542 qui
1177 1479 1436 1542 semper
1477 1457 1771 1542 patuerit
1812 1456 2191 1522 hominibus

78 1562 133 1603 15
163 1548 329 1613 ortis
374 1546 504 1612 1100
547 1550 778 1611 nostro
824 1545 1113 1630 equestri
1158 1546 1325 1629 1000,
1370 1567 1724 1630 possumne
1766 1546 2015 1629 eripere
2054 1567 2193 1610 ora-

161 1635 332 1700 tioni
386 1639 538 1698 tuae
596 1634 1083 1700 contentionem
1136 1638 1457 1720 vestrum,
1514 1656 1679 1717 01100
1729 1633 2005 1698 tractari
2052 1633 2191 1698 sine

163 1721 564 1788 contumelia
621 1744 759 1787 non
811 1725 1060 1806 potest,
1125 1726 1193 1787 et
1256 1726 1324 1787 te
1381 1723 1463 1787 ad
1519 1743 1784 1786 causam
1839 1721 2190 1805 aliquando

164 1811 537 1894 crimenque
583 1809 939 1875 deducere?
1025 1807 1123 1894 Si,
1176 1811 1350 1894 quod
1397 1810 1638 1894 equitis
1685 1808 1969 1874 Romani
2014 1809 2190 1873 filius

162 1902 282 1985 est,
327 1897 600 1964 inferior
635 1919 778 1963 esse
816 1897 1059 1982 debuit,
1102 1919 1327 1963 omnes
1366 1901 1587 1964 tecum
1622 1898 1917 1983 equitum
1955 1896 2193 1963 Roma-

77 2005 134 2045 20
159 2010 398 2053 norum
434 1986 556 2052 filii
592 1987 982 2071 petiverunt.
1037 1984 1225 2051 Nihil
1266 1987 1412 2051 dico
1449 1986 1760 2071 amplius3
1803 1986 1932 2051 hoc
1968 1990 2194 2050 tamen

163 2076 396 2160 miror,
451 2097 568 2140 cur
613 2074 768 2140 huic
811 2074 1236 2159 potissimum
1278 2075 1591 2159 irascare,
1648 2074 1763 2159 qui
1805 2074 2191 2159 longissime

159 2188 200 2229 a
235 2168 301 2229 te
340 2162 525 2228 afuit.
589 2162 933 2247 Equidem,
980 2162 1038 2227 si
1076 2163 1353 2248 quand0,
1388 2167 1467 2227 ut
1502 2163 1600 2247 fit,
1634 2162 1848 2228 iactor
1876 2162 1950 2226 in
1976 2162 2192 2246 turba,

156 2275 291 2318 non
333 2252 526 2316 illum
571 2272 834 2335 accuso,
895 2251 1008 2335 qui
1054 2255 1157 2315 est
1201 2251 1273 2315 in
1318 2273 1575 2315 summa
1621 2272 1807 2315 sacra
1851 2250 1986 2334 via,
2041 2271 2192 2316 cum

159 2362 283 2426 ego
321 2340 404 2404 ad
439 2338 724 2404 Fabium
758 2338 1075 2404 fornicem
1111 2339 1434 2424 impellor,
1472 2340 1586 2404 sed
1624 2360 1791 2423 eum,
1828 2338 1943 2421 qui
1977 2338 2050 2402 in
2086 2360 2190 2403 me

73 2445 132 2485 25
159 2428 378 2512 ipsum
413 2427 692 2493 incurrit
729 2431 924 2511 atque
963 2426 1212 2492 incidit.
1285 2427 1386 2491 Tu
1419 2449 1628 2512 neque
1668 2426 1744 2503 Q.
1770 2425 1993 2511 Pedio,
2028 2426 2192 2491 forti

157 2516 320 2599 viro,
367 2537 704 2581 suscenses
746 2536 958 2599 neque
1003 2514 1158 2579 huic
1202 2514 1283 2580 A.
1320 2514 1561 2600 Plotio,
1608 2515 2029 2580 ornatissimo
2075 2515 2192 2579 ho-

159 2604 323 2669 mini
367 2603 682 2668 familiari
732 2624 897 2686 11100,
943 2606 1012 2667 et
1048 2602 1131 2667 ab
1169 2625 1266 2687 eo,
1314 2604 1427 2687 qui
1462 2602 1587 2669 hos
1625 2602 1919 2686 dimovit,
1965 2602 2189 2686 potius

159 2714 357 2777 quam
393 2693 476 2757 ab
514 2692 616 2776 iis,
656 2690 769 2775 qui
803 2691 875 2754 in
912 2694 978 2755 te
1011 2690 1231 2776 ipsum
1258 2692 1712 2776 incubuerunt,
1749 2694 1815 2755 te
1846 2691 2189 2774 depulsum

155 2785 368 2865 putas,
449 2778 590 2845 Sed
644 2784 868 2844 tamen
918 2778 1083 2844 11000
1137 2779 1265 2844 tibi
1311 2784 1413 2844 est
1457 2780 1673 2863 prima
1719 2801 1868 2843 cum
1913 2778 2183 2842 Plancio
2212 2788 2277 2837 18

69 2886 130 2925 ³0
159 2868 416 2953 generis
467 2868 672 2933 vestri
716 2867 1134 2951 familiaeque
1181 2868 1543 2951 contenti0,
1600 2888 1729 2951 qua
1775 2867 1894 2931 abs
1940 2869 2008 2930 te
2052 2866 2189 2929 vin-

159 2957 358 3041 citur3
403 2978 519 3021 cur
564 2957 738 3021 enim
772 2978 908 3021 non
945 2955 1277 3039 confitear,
1325 2956 1499 3039 quod
1532 2976 1799 3019 necesse
1838 2952 1985 3017 est?
2060 2951 2188 3018 Sed

153 3067 290 3110 non
349 3044 459 3110 hic
523 3045 736 3130 magis
794 3066 993 3128 quam
1047 3064 1170 3130 ego
1227 3065 1268 3107 a
1322 3043 1486 3108 meis
1542 3041 2064 3127 conpetitoribus
2121 3046 2190 3105 et

157 3132 319 3197 alias
374 3137 442 3197 et
495 3133 568 3196 in
622 3133 1000 3197 consulatus
1053 3130 1375 3215 petitione
1431 3131 1755 3195 vincebar.
1840 3128 1967 3193 Sed
2021 3129 2188 3213 vide,

153 3242 237 3286 ne
281 3221 444 3285 haec
488 3220 650 3303 ipsa,
698 3241 861 3303 quae
909 3218 1208 3304 despiciS,
1249 3220 1405 3284 huic
1444 3219 1805 3304 suffragata
1842 3217 1993 3281 sint.
2079 3215 2190 3282 Sic

67 3324 128 3366 85
156 3308 330 3375 enim
385 3308 813 3373 conferamus,
902 3306 1027 3371 Est
1082 3312 1271 3371 tuum
1326 3328 1568 3372 nomen
1610 3312 1888 3390 utraque
1933 3306 2189 3369 familia

155 3396 511 3462 consulare.
575 3394 756 3461 Num
793 3396 1054 3460 dubitas
1089 3396 1312 3481 igitur,
1351 3396 1510 3479 quin
1538 3416 1782 3478 omnes,
1821 3394 1934 3478 qui
1960 3393 2189 3458 favent

151 3485 510 3570 nobilitati,
557 3484 669 3569 qui
713 3484 781 3550 id
825 3488 1065 3569 putant
1111 3506 1250 3549 esse
1298 3483 1830 3567 pulcherrimum,
1878 3482 1992 3567 qui
2028 3482 2187 3547 ima—

263 3596 370 3639 010.
399 3600 464 3640 11.
489 3600 529 3640 a.
1796 3592 1864 3639 14

2214 1255 2252 1317 7

2215 1343 2279 1392 17
