2550 3875
934 166 1090 222 οΑΡ.
1129 172 1268 221 1-—3
1306 172 1338 233 s
1375 174 1531 224 1—4.
2120 167 2253 232 24⁷

201 327 290 391 ab
346 326 466 391 illo
520 327 776 410 datum,
832 327 938 392 cui
982 349 1192 411 neque
1238 328 1431 394 heres
1481 351 1691 415 neque
1737 329 1947 394 iratus
1995 327 2251 394 fuisset„

205 413 463 498 (Ascon.
480 436 546 496 p.
575 419 682 480 20.
709 414 846 500 24.)

345 503 416 582 [4
426 503 487 587 d,
542 503 602 568 2.
665 506 728 585 2]
803 505 876 568 in
949 503 1309 569 Scauriana
1389 505 1753 588 interposita
1831 506 2250 588 disputatione
2269 526 2333 574 11

205 595 544 672 tractatur,
616 611 692 656 ex
761 592 984 673 quibus
1055 593 1260 658 causis
1331 613 1499 658 mors
1570 593 1852 659 obveniat
1909 595 2247 677 repentina.

147 705 178 745 5
209 677 446 766 (Mart.
493 678 642 762 Gap.
682 678 937 766 V441.)

346 769 482 851 [4e,
529 769 588 831 2.
634 769 695 850 3]
743 769 926 852 bona,
956 790 1170 854 quam,
1209 769 1384 852 quod
1419 769 1726 854 habebat,
1761 769 2021 835 veniret.
2075 769 2335 856 Age-12

205 857 384 939 dum,
422 876 546 941 ego
584 855 843 920 defendi
873 854 1209 942 Scaurum,
1245 857 1486 943 Triari3
1526 857 1795 922 defende
1834 862 1910 922 tu
1946 863 2246 924 matrem.

206 944 386 1030 (God.
433 944 750 1029 Ambros.)

348 1033 436 1114 [2.
482 1034 546 1114 4]
602 1037 670 1097 te
724 1037 1038 1118 metuere,
1089 1054 1173 1098 ne
1231 1055 1367 1098 non
1422 1033 1732 1098 solvendo
1783 1033 2015 1119 fuisse,
2070 1036 2248 1100 bona
2270 1057 2334 1104 13

121 1147 178 1187 ιο
205 1120 486 1206 denique
524 1143 674 1186 reus
711 1143 789 1186 ne
813 1123 1081 1186 retinere
1117 1122 1397 1205 voluisse,
1434 1143 1592 1204 quae
1615 1122 1988 1207 proscripta
2016 1129 2247 1197 essent,

203 1209 343 1274 nisi
389 1207 564 1294 (Coa.
609 1208 926 1295 Ambros.)

347 1299 436 1382 [6,
480 1299 540 1363 2.
590 1301 650 1380 6]
726 1297 875 1364 cum
921 1298 1074 1362 dare
1118 1298 1329 1362 nollet
1373 1297 1547 1382 Aris,
1603 1298 1774 1363 elam
1818 1320 1897 1362 ex
1946 1296 2249 1364 Sardinia
2270 1321 2336 1367 14

205 1391 309 1452 est
345 1386 576 1472 fugere
619 1390 912 1452 conatus.
978 1384 1319 1472 (Priscian.
1358 1387 1462 1452 VI
1478 1389 1537 1452 5.
1563 1391 1655 1452 28
1685 1387 1755 1451 Τ.
1782 1387 1834 1451 Ι
1847 1408 1909 1468 p.
1936 1391 2086 1454 219.
2119 1387 2247 1472 11.)

347 1477 436 1558 [7,
483 1475 543 1540 2.
590 1477 652 1557 7]
734 1474 1091 1540 Redimunt
1137 1473 1451 1561 (castores)
1490 1497 1559 1540 se
1598 1496 1675 1539 ea
1708 1479 1897 1559 parte
1935 1477 2248 1560 corporis,
2269 1495 2334 1544 15

125 1586 180 1627 ιε
206 1567 483 1647 propter
529 1585 728 1647 quam
772 1563 1055 1627 maxime
1101 1567 1514 1647 expetuntur.
1615 1562 1807 1648 (Serv.
1864 1564 2035 1648 Very.
2084 1569 2158 1629 G.
2204 1569 2251 1630 I

206 1655 316 1734 58,
363 1653 591 1716 Isidor.
642 1651 848 1734 Θήρῃ.
895 1651 1059 1716 XII
1075 1656 1137 1717 2.
1164 1650 1297 1737 21.)
2265 1697 2307 1761 3

346 1739 446 1820 [II
487 1741 600 1820 la]
678 1738 806 1824 Sic,
846 1740 1135 1824 inquam,
1181 1762 1270 1824 se,
1315 1740 1581 1824 iudiceS,
1616 1761 1721 1804 res
1757 1739 1989 1825 habet3
2034 1761 2245 1824 neque
2268 1786 2298 1834 1

205 1829 334 1893 hoc
391 1850 434 1892 a
485 1850 589 1893 me
638 1851 878 1894 novum
927 1829 1331 1914 disputatur,
1388 1828 1501 1893 sed
1548 1828 1919 1912 quaesitum
1965 1829 2047 1893 ab
2096 1829 2246 1894 aliis
2350 1865 2353 1868 ⁴

209 1920 329 1983 est.
423 1915 676 2003 (Ascon.
697 1940 763 2003 p.
789 1921 892 1983 21.
919 1915 1058 2003 24.)
1364 1998 1370 2003 ¹

125 2029 182 2069 zo
348 2004 444 2086 [ΙΙ
487 2006 608 2087 lb]
683 2006 1063 2090 audivimus,
1106 2006 1234 2071 hoc
1281 2027 1435 2070 vero
1475 2006 1890 2070 meminimus
1930 2026 2005 2070 ac
2042 2026 2247 2089 paene

207 2094 520 2178 vidimUS,
575 2094 866 2159 eiusdem
921 2095 1148 2178 stirpis
1205 2098 1272 2159 et
1316 2094 1603 2158 nominis
1649 2093 1723 2158 P.
1769 2091 2109 2177 Crassum,
2162 2116 2245 2159 ne

206 2183 278 2247 in
325 2204 558 2247 manus
605 2184 922 2249 incideret
966 2183 1401 2266 inimicorum,
1448 2204 1519 2247 se
1562 2183 1780 2267 ipsum
1817 2180 2247 2247 interemisse.

213 2269 471 2356 (Ascon.
487 2293 558 2353 p.
585 2277 690 2338 21.
717 2272 806 2353 2.)

344 2359 448 2425 Ac
508 2382 718 2443 neque
782 2359 960 2423 illius
1017 2356 1240 2423 Crassi
1303 2358 1555 2423 factum
1619 2357 1975 2442 superioris
2034 2358 2245 2423 isdem
2263 2361 2297 2409 2

125 2470 180 2511 ιο
207 2447 574 2512 honoribus
620 2470 806 2531 usus,
863 2448 975 2531 qui
1019 2446 1422 2512 fortissimus
1474 2446 1547 2511 in
1589 2446 1783 2511 bellis
1828 2444 2066 2511 fuisset
2074 2497 2092 2531 ,
2137 2445 2245 2511 Μ’.

204 2535 523 2619 Aquilius
587 2536 809 2621 potuit
862 2534 1112 2599 imitari
1168 2533 1423 2621 (Ascon.
1445 2556 1517 2618 p.
1544 2538 1649 2599 21.
1677 2533 1816 2619 11),
1867 2536 1977 2600 sed
2024 2555 2245 2599 memo-

203 2627 378 2689 riam
437 2626 781 2689 iuvmbutis
847 2645 1004 2689 suae
1069 2644 1416 2707 rerumque
1482 2626 1821 2707 gestarum
1885 2625 2244 2688 senectutis

204 2713 522 2777 dedecore
566 2712 874 2778 foedavit.
949 2711 1119 2788 Quid
1164 2712 1365 2776 νει-οἳ
1412 2711 1696 2777 alterum
1733 2708 2045 2775 Crassum
2082 2714 2244 2774 tem-

203 2802 480 2885 poribus
519 2801 764 2866 eisdem
792 2822 950 2865 num
981 2804 1097 2864 aut
1123 2799 1473 2864 clarissimi
1501 2799 1627 2863 viri
1653 2797 1811 2863 Iulii
1838 2803 1953 2862 aut
1982 2819 2240 2863 summo

121 2910 178 2951 ω
204 2890 472 2975 ingenio
509 2890 846 2973 praeditus
885 2887 974 2953 M.
1021 2887 1351 2953 Antonius
1387 2887 1609 2971 potuit
1645 2886 1940 2951 imitari?
2025 2884 2242 2961 Quid?
2264 2898 2297 2945 3

205 2978 278 3042 in
333 2977 639 3043 omnibus
697 2976 1138 3042 monumentis
1197 2975 1536 3059 Graeciae,
1597 2998 1761 3060 quae
1816 2977 1972 3037 sunt
2025 2972 2243 3037 verbis

205 3066 550 3131 ornatiora
593 3088 792 3150 quam
835 3066 1061 3149 rebus,
1113 3064 1259 3149 quis
1305 3064 1664 3148 invenitur,
1711 3084 1860 3129 cum
1908 3061 1994 3126 ab
2041 3060 2244 3126 Aiace

202 3154 579 3238 fabulisque
625 3154 1024 3237 discesseris,
1072 3153 1185 3237 qui
1231 3157 1456 3217 tamen
1501 3153 1645 3236 ipse

204 3241 698 3328 Ignominiae
745 3243 1040 3325 dolore,
1089 3245 1166 3306 ut
1204 3240 1301 3305 ait
1335 3243 1550 3324 poeta,
1595 3239 1854 3304 victor
1887 3234 2244 3302 insolens

121 3347 178 3389 ⁸⁵
905 3352 982 3394 se
1029 3327 1329 3394 victum
1374 3350 1525 3392 non
1572 3324 1831 3412 potuit
1875 3326 2073 3410 pati,

204 3421 468 3502 praeter
504 3417 977 3483 Atheniensem
1012 3415 1541 3499 Themistoclem,
1588 3414 1702 3498 qui
1743 3436 1813 3479 se
1849 3414 1991 3498 ipse
2030 3416 2246 3479 morte

202 3504 562 3571 multavit?
652 3506 746 3571 At
795 3505 1100 3571 Graeculi
1156 3503 1419 3589 quidem
1472 3502 1684 3567 multa
1736 3503 2025 3587 fingunt,
2072 3502 2246 3586 apud
2263 3512 2299 3559 4
