2550 3875
827 678 923 750 M.
980 676 1264 750 TULLI
1319 676 1816 750 CICERONIS

317 875 522 959 PRO
568 875 854 959 REGE
900 874 1430 960 DEIOTARO
1476 873 1618 958 AD
1668 873 1751 959 C.
1793 872 2340 960 CAESAREM

1131 1050 1538 1135 ORATIO.

1037 1361 1433 1422 ARGUMEN
1437 1363 1621 1423 TUM.

459 1530 783 1597 Deiotarus,
840 1528 1266 1598 Gallograeciae
1323 1529 1440 1585 sive
1488 1529 1750 1586 Galatiae
1792 1531 2133 1600 tetrarches,
2188 1531 2343 1600 quod

321 1619 540 1656 summa
583 1602 694 1656 fide
741 1599 816 1654 ad
859 1601 1131 1670 populum
1168 1600 1484 1655 Romanum
1530 1617 1652 1656 sese
1697 1601 2109 1671 applicaverat,
2160 1618 2197 1656 a
2244 1603 2341 1657 Cn.

319 1671 587 1742 Pompeio
635 1669 935 1725 Armeniae
987 1670 1222 1725 minoris
1278 1688 1453 1740 regno
1509 1672 1751 1727 donatus
1808 1675 1867 1726 et
1920 1690 1957 1727 a
2002 1674 2203 1727 senatu
2247 1689 2346 1727 rex

323 1741 645 1812 appellatus
694 1744 829 1796 erat.
907 1740 1018 1795 Sed
1064 1759 1191 1795 cum
1236 1742 1389 1796 bello
1436 1742 1593 1796 civili
1628 1745 1775 1797 inter
1802 1741 1897 1798 Cn.
1928 1742 2260 1812 Pompeium
2288 1745 2346 1797 et

321 1812 380 1869 C.
420 1814 715 1867 Caesarem
751 1813 944 1867 exorto
981 1811 1214 1893 Pompei
1247 1815 1438 1881 partes
1477 1815 1699 1868 secutus
1737 1814 1912 1881 esset,
1951 1811 2157 1868 Caesar
2190 1813 2345 1868 bello

321 1883 701 1939 Alexandrino
758 1881 1070 1952 composito
1121 1899 1182 1936 ιιι
1236 1883 1432 1938 Asiam
1474 1884 1759 1953 profectus
1803 1883 2121 1953 Pharnace,
2177 1881 2345 1940 Ponti

321 1973 479 2025 rege,
537 1956 801 2025 superato
845 1953 1177 2008 Deiotarum
1220 1970 1396 2023 regno
1442 1954 1743 2009 Armeniae
1787 1956 2076 2022 multavit,
2120 1958 2346 2025 partem

322 2025 740 2096 possessionum
777 2026 836 2078 et
869 2040 1075 2079 nomen
1102 2025 1322 2093 regium
1348 2025 1594 2094 reliquit.
1662 2026 1771 2080 Sed
1800 2026 1975 2080 etiam
2002 2026 2346 2081 domesticae

322 2096 655 2151 inimicitiae
708 2096 938 2149 fuerunt
990 2094 1256 2149 Deiotaro
1313 2113 1440 2149 cum
1493 2113 1699 2165 genero
1758 2113 1884 2164 suo,
1947 2095 2346 2166 Saocondario,

325 2165 736 2293 {iuffl'saffss’
770 2164 1305 2290 ffissffirffiffissffz'k
1346 2166 1583 2306 3³⁸1?ss
1594 2210 1608 2235 ’
1645 2166 2350 2302 3333⁰¹²÷211³023²ffim³10m¹²3

326 2305 383 2364 C.
421 2306 698 2361 Trebonio
736 2322 876 2360 coss,
916 2305 1162 2360 suffectis
1199 2322 1359 2361 reum
1394 2306 1664 2374 fecerunt,
1702 2306 1854 2375 quod
1888 2306 2002 2377 ipsi
2030 2306 2085 2362 Ο.
2118 2306 2348 2363 Caesari

329 2378 478 2447 apud
525 2393 611 2444 ee,
662 2394 789 2430 cum
826 2378 977 2431 esset
1011 2376 1073 2430 in
1109 2376 1247 2430 Asia
1284 2376 1507 2432 devicto
1546 2377 1856 2445 Pharnace,
1905 2378 2229 2433 deversanti
2264 2378 2348 2433 in-

329 2447 502 2502 sidias
566 2448 847 2517 parasset,
915 2463 1151 2515 eamque
1208 2446 1626 2503 accusationem
1680 2446 1844 2515 quasi
1896 2447 2064 2503 testie
2121 2449 2348 2503 sceleris

326 2518 661 2587 PhidippuS,
716 2516 967 2571 medicus
1013 2516 1290 2585 Deiotari,
1339 2517 1411 2572 ab
1458 2518 1578 2572 eius
1624 2518 1831 2587 legatis
1878 2519 2115 2573 Romam
2157 2519 2348 2573 missis
2426 2549 2432 2555 ·

325 2588 597 2659 perfidiae
643 2604 814 2642 causa
859 2587 1134 2641 abductus
1183 2587 1419 2642 adiuvit.
1503 2588 1706 2658 Legati
1750 2588 1928 2657 regie,
1987 2588 2085 2657 qui
2130 2588 2193 2643 in
2237 2590 2348 2643 fide

368 2661 773 2726 ermanserant,
821 2674 1048 2712 causam
1095 2658 1168 2712 ad
1213 2658 1289 2711 M.
1340 2656 1662 2713 Ciceronem
1707 2658 2052 2727 detulerunt,
2097 2662 2349 2715 veterem

326 2728 1572 2869 ssssssitiffmgsssssssssffiffisnffsssstssssffissssss
1600 2730 1917 2855 Ξῖἓὲῃῗιὲΐᾱ
1953 2728 2010 2785 ⁰·
2051 2728 2349 2786 ⁰³⁰⁸²²⁰¹¹¹

1133 2998 1536 3006 ——-—-————-

274 3125 306 3187 1

281 3216 304 3261 1
463 3153 630 3219 Cum
692 3154 759 3217 in
828 3153 1128 3217 omnibus
1193 3152 1405 3217 causis
1466 3154 1876 3239 gravioribus
1885 3204 1903 3237 ‚
1966 3155 2037 3219 Ο.
2092 3152 2349 3239 Caesar,

331 3242 521 3306 initio
578 3240 830 3305 dicendi
887 3241 1282 3305 commoveri
1336 3241 1581 3305 soleam
1626 3241 2099 3325 vehementius,
2155 3264 2349 3326 quam

331 3329 586 3393 videtur
629 3329 731 3392 vel
777 3349 934 3393 usus
981 3327 1082 3392 vel
1131 3334 1310 3391 aetas
1358 3350 1503 3392 mea
1544 3329 1897 3413 postulare,
1943 3332 2087 3393 tum
2121 3330 2192 3394 in
2227 3331 2350 3396 hac

334 3437 528 3479 causa
564 3415 659 3477 ita
696 3435 798 3477 me
837 3414 1046 3478 multa
1081 3416 1490 3497 perturbant,
1527 3419 1619 3498 ut,
1660 3421 1973 3498 quantum
2011 3438 2155 3481 mea
2190 3418 2349 3483 fides

336 3501 534 3564 studii
572 3501 734 3564 mihi
773 3499 1022 3564 adferat
1061 3502 1141 3563 ad
1180 3502 1457 3565 salutem
1490 3503 1663 3583 regis
1693 3502 1989 3569 Deiotari
2018 3504 2351 3569 defenden-
2373 3530 2397 3571 ε
