2550 3875
769 165 925 222 CAP.
963 175 1177 223 20—22
1217 173 1248 234 5
1287 173 1518 224 50-54,
2040 167 2174 231 223

135 329 378 413 lippuS,
443 350 699 394 summa
740 328 1092 395 nobilitate
1149 333 1218 394 et
1273 329 1676 414 eloquentia,
1733 332 2045 413 quaestor
2100 327 2207 395 C.-

140 415 414 500 Caelius,
461 416 864 484 clarissimus
911 439 987 483 ac
1030 417 1435 483 fortissimus
1474 416 1873 501 adulescenS,
1919 417 2171 482 tribuni

137 505 224 590 pl.
277 503 348 570 P.
402 503 695 570 Rutilius
750 503 990 589 Rufus,
1057 503 1125 572 G.
1180 504 1507 590 Fimbria,
1572 503 1641 571 O.
1704 503 1998 588 Cassius,
2054 505 2169 571 On.

140 592 397 658 Orestes
453 592 616 658 facti
668 613 804 658 non
853 598 1038 678 sunt,
1098 613 1262 678 quos
1318 598 1543 658 tamen
1598 593 1812 658 omnis
1866 594 2169 659 consules

79 705 109 746 5
135 681 346 746 factos
393 681 641 746 scimus
684 702 844 748 esse.
932 680 1112 757 Quae
1156 681 1286 746 tibi
1330 681 1510 746 ultro
1554 685 1745 765 pater
1782 685 1851 747 et
1886 681 2170 746 maiores

139 769 237 833 tui
280 787 418 834 non
463 769 842 838 consolandi
889 770 990 834 tui
1035 769 1255 855 gratia
1300 769 1540 854 dicent,
1582 792 1791 855 neque
1836 791 1991 835 vero
2037 790 2171 853 quo

134 862 202 922 te
256 856 539 924 liberent
593 857 816 941 aliqua
869 858 1089 943 culpa,
1153 878 1352 941 quam
1406 861 1482 921 tu
1535 857 1807 939 vereris,
1868 879 1953 922 ne
2010 879 2050 922 a
2101 861 2171 922 te

135 949 439 1030 suscepta
490 945 816 1030 videatur,
869 946 986 1011 sed
1028 949 1107 1010 ut
1151 950 1219 1011 te
1265 945 1348 1010 ad
1392 944 1597 1010 istum
1643 967 1907 1011 cursum
1951 949 2173 1011 tenen-

138 1035 318 1116 dum,
382 1054 579 1117 quem
637 1055 678 1097 a
738 1033 956 1118 prima
1007 1037 1226 1098 aetate
1286 1033 1662 1117 suscepisti,
1726 1033 2171 1099 cohortentur.

53 1144 107 1184 ιο
137 1120 323 1186 Nihil
387 1125 490 1188 est
554 1121 728 1188 enim
738 1171 756 1205 ,
821 1121 988 1186 mihi
1047 1121 1260 1205 crede,
1325 1121 1731 1205 Laterensis,
1794 1121 1873 1186 de
1936 1125 2004 1186 te
2068 1121 2174 1186 de-

134 1213 440 1276 tractum.
538 1208 906 1276 Detractum
969 1209 1144 1275 dico·
1129 1259 1146 1294 ,
1205 1209 1264 1274 si
1324 1209 1693 1274 mehercule
1758 1229 1934 1292 vere,
2000 1209 2173 1292 quod

135 1295 388 1381 accidit,
434 1297 855 1381 interpretari
899 1297 1082 1382 velis,
1127 1301 1234 1362 est
1279 1295 1529 1381 aliquid
1574 1297 1777 1362 etiam
1812 1297 1892 1362 de
1930 1297 2173 1362 virtute

134 1385 582 1471 significatum
627 1388 762 1450 tua.
842 1384 1004 1450 Noli
1048 1385 1224 1450 enim
1268 1385 1644 1450 existimare
1688 1406 1825 1451 non
1860 1406 2173 1470 magnum
2194 1391 2281 1454 22

136 1473 460 1558 quendam
515 1476 770 1538 motum
814 1471 1018 1538 fuisse
1061 1473 1242 1539 illius
1287 1473 1629 1558 petitionis
1678 1476 1857 1558 tuae,
1912 1473 1990 1538 de
2047 1495 2177 1558 qua

47 1587 104 1626 15
131 1583 216 1626 ne
265 1560 512 1644 aliquid
558 1560 836 1645 iurares,
883 1561 1216 1626 destitisti.
1305 1561 1731 1627 Denuntiasti
1776 1561 1976 1626 homo
2026 1561 2176 1626 adu-

132 1649 411 1733 lescens,
456 1648 614 1732 quid
657 1649 736 1713 de
783 1669 1039 1716 summa
1072 1671 1142 1715 re
1177 1650 1447 1734 publica
1480 1649 1777 1734 sentires,
1819 1648 2062 1714 fortius
2100 1653 2177 1714 tu

135 1735 402 1821 quidem
450 1758 648 1819 quam
689 1758 826 1802 non
867 1737 1034 1802 nulli
1079 1737 1372 1804 defuncti
1414 1738 1799 1820 honoribus,
1846 1738 1961 1802 sed
1998 1759 2177 1822 aper-

134 1825 292 1909 tius,
337 1846 534 1909 quam
577 1824 682 1890 vel
720 1825 1098 1892 ambitionis
1135 1826 1240 1890 vel
1277 1825 1518 1890 aetatis
1554 1829 1709 1890 tuae
1744 1825 1916 1892 ratio
1954 1831 2177 1911 postu—

133 1912 338 1978 labat.
448 1912 661 1990 Quam
735 1913 819 1979 ob
889 1935 1031 1981 rem
1102 1912 1174 1979 ιιι
1235 1913 1664 1980 dissentiente
1726 1913 1973 1999 populo
2035 1913 2175 1979 noli
2196 1927 2268 1978 53

40 2028 106 2068 20
134 2005 374 2087 putare
425 2002 646 2068 nullos
699 2001 932 2087 fuisse,
985 2024 1264 2087 quorum
1320 2002 1575 2068 animos
1622 2006 1778 2067 tuus
1825 2003 1938 2067 ille
1982 2001 2177 2067 fortis

133 2090 394 2155 animus
441 2090 821 2175 offenderet3
867 2090 980 2175 qui
1025 2095 1094 2156 te
1138 2091 1477 2156 incautum
1520 2090 1802 2156 fortasse
1848 2112 2023 2155 nunc
2060 2095 2176 2155 tuo

129 2179 281 2245 loco
329 2178 670 2244 demovere
714 2182 1092 2264 potuerunt,
1133 2179 1589 2263 providentem
1636 2183 1855 2244 autem
1892 2182 1962 2243 et
1996 2200 2179 2263 prae-

131 2270 474 2333 caventem
517 2286 879 2350 nmquam
923 2269 1100 2331 certe
1145 2268 1519 2332 movebunt.

269 2355 380 2419 An
413 2359 484 2420 te
517 2353 637 2419 illa
664 2358 1054 2439 argumenta
1080 2354 1447 2419 duxerunt?
1503 2352 1910 2439 ‘Dubitatis',
1947 2354 2182 2439 inquit,

30 2467 96 2509 25
135 2441 327 2526 ‘quin
363 2441 562 2507 coitio
599 2442 778 2507 facta
813 2442 921 2526 sit,
958 2464 1108 2507 cum
1143 2442 1360 2507 tribus
1396 2443 1741 2527 plerasque
1778 2464 1928 2508 cum
1958 2442 2183 2507 Plotio

128 2529 368 2595 tulerit
395 2528 700 2595 Plancius
711 2529 769 2594 ‘2’
823 2530 934 2595 An
967 2552 1098 2595 una
1132 2530 1277 2595 fieri
1312 2534 1686 2616 potuerunt,
1724 2530 1782 2595 si
1808 2553 1940 2596 una
1968 2532 2183 2595 tribus

124 2640 269 2683 non
315 2617 673 2683 tulissent?
748 2616 866 2683 ‘At
897 2640 1033 2685 non
1067 2618 1283 2684 nullas
1318 2618 1583 2703 punctis
1618 2640 1825 2703 paene
1862 2618 2181 2683 totidem.'

129 2706 424 2790 Quippe,
487 2727 636 2770 cum
698 2705 833 2770 iam
895 2705 1058 2771 facti
1118 2728 1325 2791 prope
1389 2707 1833 2790 superioribus
1895 2707 2183 2771 comitiis

126 2792 580 2877 declaratique
616 2794 966 2858 venissent.
1024 2792 1437 2878 Quamquam
1471 2816 1553 2859 ne
1591 2794 1659 2859 id
1689 2795 1950 2878 quidem
1976 2794 2185 2877 suspi-

31 2908 90 2949 ιο
127 2882 393 2947 cionem
440 2881 745 2948 coitionis
790 2881 1112 2947 habuerit.
1193 2880 1424 2966 Neque
1470 2882 1647 2947 enim
1693 2904 2006 2966 umquam
2052 2903 2185 2944 ma-

121 2970 310 3035 iores
354 2969 571 3035 nostri
617 2969 1036 3035 sortitionem
1081 2969 1582 3035 constituissent
1624 2970 2009 3052 aediliciam,
2053 2969 2185 3033 nisi

119 3058 432 3122 viderent
465 3058 754 3122 accidere
781 3079 993 3141 posse,
1028 3062 1106 3124 ut
1135 3058 1601 3141 competitores
1627 3079 1820 3142 pares
1850 3057 2183 3142 suffragiis
2212 3064 2223 3075 ’

119 3149 373 3211 essent.
462 3144 556 3209 Et
609 3145 706 3210 ais
757 3146 1086 3230 prioribus
1133 3145 1420 3212 comitiis
1465 3144 1824 3211 Aniensem
1870 3167 1911 3209 a
1957 3144 2181 3209 Plotio
2205 3164 2278 3214 54

119 3234 356 3317 Pedio,
399 3231 775 3299 Teretinam
821 3256 861 3299 a
892 3234 1161 3299 Plancio
1207 3234 1337 3299 tibi
1372 3254 1513 3300 esse
1551 3255 1955 3318 concessam3
1997 3256 2172 3299 nunc

33 3347 80 3391 ιε»
119 3322 214 3386 ab
281 3325 568 3405 utroque
631 3343 741 3387 eas
810 3322 1099 3405 avulsas,
1168 3344 1252 3387 ne
1317 3321 1387 3386 in
1452 3326 1811 3405 angustum
1872 3321 2186 3385 venirent.

121 3408 350 3486 Quam
396 3410 702 3475 convenit
743 3410 1034 3475 nondum
1082 3409 1369 3495 cognita⁴
1394 3409 1625 3493 populi
1666 3410 2007 3474 voluntate
2044 3408 2187 3489 host,

117 3519 299 3581 quos
336 3497 473 3561 iam
509 3502 653 3563 tum
690 3497 1074 3563 coniunctos
1111 3497 1317 3563 fuisse
1346 3496 1528 3579 dicis,
1564 3496 1888 3562 iacturam
1918 3518 2188 3562 suarum
