2550 3875
330 142 415 204 12
910 138 1055 193 PRO
1091 139 1152 197 P.
1194 138 1441 194 SESTIO
1479 138 1767 196 ORATIO.

327 322 557 385 meque
620 300 753 366 iam
812 302 990 366 omni
1053 302 1306 366 ratione
1361 302 1618 386 privato
1680 302 1983 385 consilio,
2048 302 2382 386 quoniam

327 389 609 473 publicis
682 389 952 453 ducibus
1026 411 1130 453 res
1202 389 1470 473 publica
1541 394 1815 474 careret,
1888 389 2382 455 defendendum

327 480 661 561 putarunt.
751 477 921 541 Erat
968 478 1194 541 eodem
1230 482 1526 561 tempore
1573 482 1838 542 senatus
1883 478 1955 542 in
1999 478 2156 543 aede
2197 476 2384 544 Gon«

329 565 611 648 cordiae,
666 564 841 648 quod
885 565 1102 649 ipsum
1154 566 1475 649 templum
1529 567 2062 650 repraesentabat
2117 588 2380 632 memo-

329 653 496 717 riam
552 652 929 717 consulatus
984 653 1346 736 11101,ου111
1400 654 1560 718 fiens
1615 654 1956 719 universus
2012 654 2172 719 ordo
2231 656 2379 719 cin-
2435 673 2464 714 5

328 740 665 805 cinnatum
712 741 1045 806 consulem
1084 742 1344 825 orabat3
1387 762 1542 805 nam
1588 742 1756 807 alter
1791 742 1903 806 ille
1938 741 2249 807 horridus
2305 748 2382 808 et

330 849 591 893 severus
632 829 929 894 consulto
971 850 1040 894 se
1078 829 1254 894 domi
1295 829 1687 895 continebat.
1781 828 1925 906 Qua
1960 834 2104 894 tum
2141 852 2384 914 super-

329 916 442 981 bia
487 938 758 981 caenum
816 916 979 981 illud
1026 940 1101 982 ac
1154 917 1337 981 labes
1384 918 1776 1001 amplissimi
1832 918 2076 983 ordinis
2130 940 2380 1019 preces

332 1008 400 1068 et
427 1004 940 1069 clarissimorum
969 1005 1209 1070 civium
1244 1005 1550 1070 lacrimas
1578 1006 1963 1090 repudiavit,
1999 1026 2102 1070 me
2137 1007 2382 1090 ipsum
2524 1088 2525 1091 Ἴ

329 1095 407 1155 ut
462 1093 857 1208 contempsit
911 1093 1131 1157 helluo
1184 1094 1464 1176 patriae!
1527 1115 1681 1158 nam
1737 1094 1892 1178 quid
1945 1115 2068 1180 ego
2133 1094 2381 1178 ‘patri·
2409 1124 2466 1164 ιο
2524 1096 2525 1099 ’

330 1180 557 1245 monii'
604 1182 833 1265 dicam,
881 1182 1054 1265 quod
1097 1181 1210 1245 1110
1255 1185 1418 1265 tum,
1462 1180 1510 1264 †
1531 1202 1660 1265 qua
1704 1186 2050 1265 quaestum
2094 1181 2383 1270 faceret,

330 1269 597 1333 amisit?
688 1268 983 1334 Venistis
1050 1270 1131 1333 ad
1186 1272 1485 1333 senatum
1537 1291 1682 1352 vos,
1746 1270 2040 1355 inquam,
2104 1272 2380 1354 equites

330 1356 612 1422 Romani
658 1361 727 1422 et
773 1378 997 1421 omnes
1043 1356 1198 1420 boni
1235 1361 1418 1421 veste
1464 1361 1720 1422 mutata
1755 1380 1998 1442 vosque
2043 1380 2162 1442 pro
2215 1382 2380 1425 meo

331 1446 544 1528 capite
598 1445 680 1508 ad
732 1445 927 1529 pedes
982 1444 1234 1508 lenonis
1288 1444 1693 1529 inpurissimi
1747 1446 2144 1531 proiecistis,
2213 1470 2380 1513 cum

330 1533 567 1596 vestris
621 1532 923 1616 precibus
980 1532 1061 1596 ab
1118 1531 1373 1597 latrone
1427 1533 1542 1599 illo
1599 1534 1956 1617 repudiatis
2001 1534 2103 1599 vir
2153 1534 2462 1606 incre-1⁵

332 1619 519 1683 dibili
562 1619 707 1703 fide,
752 1619 1201 1704 magnitudine
1247 1620 1468 1705 animi,
1515 1622 1902 1708 constantia,
1947 1622 2018 1686 L.
2055 1621 2381 1709 Ninnius,

332 1707 415 1771 ad
448 1711 748 1772 senatum
784 1708 863 1771 de
899 1729 968 1771 re
1004 1708 1270 1791 publica
1305 1709 1584 1793 rettulit,
1623 1714 2014 1794 senatusque
2049 1710 2378 1794 frequens

231 1849 313 1912 12
333 1797 583 1859 vestem
627 1816 747 1877 pro
795 1817 941 1859 mea
986 1796 1196 1860 salute
1244 1797 1622 1861 mutandam
1669 1798 1937 1863 censuit.

244 1939 276 1988 2
284 1940 313 1988 7
469 1881 523 1947 O
573 1882 744 1948 diem
788 1883 1008 1967 illum,
1052 1884 1318 1969 iudiceS,
1361 1884 1694 1950 funestum
1739 1886 1994 1952 senatui
2038 1887 2376 1973 bonisque

335 1971 655 2054 omnibUS,
700 1972 797 2036 rei
832 1971 1131 2056 publicae
1167 1973 1559 2058 luctuosum,
1604 1974 1766 2038 mihi
1803 1975 1886 2039 ad
1927 1976 2377 2042 domesticum
2405 2005 2464 2046 20
2524 1985 2525 2058 J

333 2081 694 2124 maerorem
740 2081 1033 2161 gravem,
1088 2062 1171 2125 ad
1213 2062 1624 2145 posteritatis
1683 2063 2065 2128 memoriam
2121 2064 2376 2166 glorio·
2524 2081 2525 2084 ’

334 2149 507 2212 sum!
602 2146 772 2224 Quid
818 2148 990 2211 enim
1038 2149 1382 2232 quisquam
1426 2153 1648 2233 potest
1694 2172 1772 2215 ex
1820 2151 1998 2215 omni
2042 2155 2378 2218 memoria

332 2257 587 2299 sumere
626 2235 967 2300 inlustrius
1016 2257 1213 2319 quam
1247 2259 1368 2321 pro
1414 2259 1544 2303 uno
1591 2238 1728 2304 cive
1775 2242 1844 2304 et
1888 2239 2096 2304 bonos
2143 2243 2374 2308 omnis

331 2323 589 2406 privato
637 2345 957 2388 consensu
1001 2328 1069 2388 et
1125 2325 1502 2390 universum
1547 2330 1846 2390 senatum
1891 2326 2154 2410 publico
2213 2351 2375 2395 con-

334 2410 481 2475 silio
529 2415 817 2475 mutasse
853 2413 1147 2476 vestem?
1194 2434 1359 2496 quae
1407 2414 1665 2497 quidem
1710 2418 1853 2478 tum
1899 2415 2180 2480 mutatio
2225 2439 2377 2483 non
2404 2445 2462 2486 25

333 2499 809 2582 deprecationis
849 2521 1045 2564 causa
1082 2504 1184 2565 est
1219 2499 1415 2584 facta,
1462 2502 1574 2566 sed
1609 2503 1844 2567 luctus,
1938 2501 2145 2579 Quem
2183 2505 2375 2571 enim

333 2586 765 2671 deprecarere,
812 2609 960 2651 cum
998 2610 1219 2653 omnes
1267 2593 1486 2653 essent
1533 2591 1866 2691 sordidati,
1912 2612 2186 2675 cumque
2233 2593 2376 2660 hoc

334 2674 495 2739 satis
534 2678 707 2739 esset
748 2674 921 2760 signi
966 2697 1107 2740 esse
1144 2677 1513 2762 inprobum,
1560 2679 1672 2761 qui
1708 2682 1966 2742 mutata
1999 2683 2179 2744 veste
2226 2702 2377 2747 non

332 2763 550 2828 esset?
649 2761 794 2828 Η30
857 2764 1221 2829 mutatione
1285 2766 1487 2830 vestis
1549 2765 1728 2830 facta
1791 2770 1978 2831 tanto
2043 2767 2114 2831 in
2173 2767 2374 2835 luctu

332 2850 622 2916 civitatis
689 2851 925 2916 omitto
1002 2852 1157 2936 quid
1220 2852 1333 2916 1110
1404 2853 1708 2918 tribunus
1785 2855 2075 2920 omnium
2138 2876 2374 2923 rerum
2403 2886 2464 2926 80
2524 2887 2525 2892 ’

330 2939 695 3003 divinarum
747 2940 1306 3024 humanarumque
1360 2941 1598 3024 praedo
1662 2941 1917 3028 fecerit,
1974 2943 2085 3026 qui
2131 2943 2373 3011 adesse

328 3027 776 3092 nobilissimos
832 3027 1305 3112 adulescentes,
1362 3029 1864 3095 honestissimos
1919 3031 2171 3114 equites
2232 3032 2374 3100 Ro-

330 3136 578 3200 manos,
623 3115 1075 3198 deprecatores
1124 3116 1356 3181 salutis
1403 3138 1584 3182 meae
1629 3118 1898 3182 iusserit
1935 3140 2173 3203 eosque
2215 3142 2374 3205 ope·

330 3223 551 3266 rarum
598 3224 863 3267 suarum
909 3203 1144 3289 gladiis
1200 3208 1267 3268 et
1312 3205 1639 3288 lapidibus
1688 3207 2026 3290 obiecerit3
2086 3208 2166 3272 de
2213 3227 2374 3274 con-

332 3290 582 3354 sulibus
628 3290 889 3374 loquor,
945 3313 1221 3374 quorum
1276 3291 1403 3355 fide
1459 3314 1562 3357 res
1616 3294 1881 3377 publica
1933 3295 2059 3359 niti
2113 3295 2370 3364 debuit.
2399 3324 2460 3366 ³5

240 3385 310 3436 28
329 3375 763 3474 Enanimatus
819 3378 1036 3442 evolat
1090 3400 1169 3442 ex
1224 3383 1456 3443 senatu
1507 3401 1641 3444 non
1695 3382 1910 3447 minus
1968 3386 2370 3466 perturbato

331 3462 549 3527 animo
616 3468 811 3544 atque
876 3466 1088 3549 voltu,
1152 3487 1349 3547 quam
1413 3467 1470 3530 si
1535 3468 1720 3533 annis
1785 3473 1937 3534 ante
1999 3472 2227 3556 paucis
2295 3474 2376 3541 in
