2550 3875
269 159 400 225 126
543 157 642 214 DE
679 157 1097 214 PROVINCIIS
1134 157 1690 214 CONSULARIBUS
1729 156 2021 215 ORATIO.

264 324 509 386 virtute
562 319 677 386 Cn.
723 320 997 404 Pompei
1044 321 1139 384 sic
1185 343 1224 384 a
1267 320 1512 403 populo
1558 318 1857 384 Romano
1904 319 1987 382 ab
2035 317 2298 384 Oceano

264 430 471 492 usque
527 410 609 472 ad
661 409 973 474 ultimum
1026 408 1316 473 Pontum
1370 413 1709 491 tamquam
1764 429 1967 471 unum
2013 407 2299 490 aliquem

264 501 532 581 portum
579 500 798 560 tutum
844 501 911 560 et
958 497 1252 561 clausum
1298 496 1535 580 teneri;
1588 495 1888 560 nationes
1937 517 2074 578 668,
2130 517 2298 578 quae

262 607 535 650 numero
562 585 904 650 hominum
934 605 1009 649 ac
1028 583 1485 648 multitudine
1466 605 1612 667 ipsa
1627 584 1971 667 poterant
1953 606 2023 647 111
2040 583 2299 683 provin—

265 672 399 737 cias
426 676 689 738 nostras
717 673 1095 756 redundare,
1121 673 1220 736 ita
1248 673 1330 735 ab
1361 672 1587 736 eodem
1615 693 1756 736 esse
1775 671 2019 755 partim
2038 670 2300 754 recisas,
2355 687 2384 728 5

262 761 508 844 partim
536 783 887 844 repressaS,
913 765 990 824 ut
1007 760 1189 844 Asia,
1218 781 1383 843 quae
1409 759 1760 842 imperium
1787 763 1980 824 antea
1997 763 2296 824 nostrum

264 849 681 933 terminabat,
724 871 893 913 nunc
930 848 1144 914 tribus
1180 847 1368 912 novis
1405 847 1760 948 provinciis
1798 848 1944 930 ipsa
1980 847 2300 932 cingatur.

262 936 545 1002 Possum
607 937 686 1000 de
751 937 930 1000 omni
988 936 1284 1021 regione,
1348 935 1426 999 de
1483 936 1662 1000 omni
1716 956 1952 1020 genere
2005 935 2300 999 hostium

264 1025 496 1090 dicere.
567 1024 770 1089 Nulla
814 1044 977 1109 gens
1024 1028 1144 1106 est,
1191 1045 1356 1107 quae
1402 1045 1537 1088 non
1581 1027 1697 1087 aut
1739 1024 1838 1088 ita
1885 1023 2147 1087 sublata
2193 1023 2301 1105 sit,

264 1117 341 1176 ut
384 1113 494 1178 vix
539 1116 745 1195 extet,
796 1116 911 1176 aut
955 1113 1052 1176 ita
1097 1112 1366 1196 domIta,
1410 1115 1486 1175 ut
1533 1111 1846 1194 quiescat,
1890 1115 2005 1175 aut
2049 1111 2148 1174 ita
2192 1133 2302 1194 pa·
2331 1131 2388 1170 10

268 1206 433 1283 cata,
488 1205 563 1264 ut
608 1201 887 1265 victoria
931 1204 1161 1265 nostra
1205 1199 1611 1283 imperioque
1658 1199 1956 1263 laetetur.
2042 1197 2302 1262 Bellum

270 1288 622 1372 Gallicum,
688 1292 912 1371 patres
980 1287 1362 1371 conscripti,
1409 1286 1496 1352 Ὀ.
1563 1286 1840 1352 Caesare
1905 1287 2300 1371 imperatore

267 1381 529 1462 gestum
584 1380 711 1459 est,
766 1379 959 1440 antea
1014 1380 1275 1440 tantum
1330 1375 1524 1440 modo
1580 1376 1934 1459 repulsum.
2032 1373 2303 1458 Semper

264 1463 415 1529 illas
488 1464 789 1528 nationes
860 1464 1074 1528 nostri
1143 1464 1572 1546 imperatores
1637 1463 2012 1527 refutandas
2075 1463 2300 1545 potius

266 1553 441 1616 bello
481 1572 678 1634 quam
709 1551 1117 1616 lacessendas
1144 1556 1560 1635 putaverunt.
1614 1550 1765 1635 Ipse
1792 1552 1907 1615 ille
1935 1549 2005 1616 C.
2033 1549 2302 1634 Marius,
2332 1572 2388 1613 15

269 1639 452 1704 cuius
490 1639 709 1703 divina
744 1643 939 1722 atque
975 1639 1214 1703 eximia
1240 1640 1452 1704 virtus
1481 1639 1738 1724 magnis
1765 1638 1993 1723 populi
2020 1638 2302 1703 Romani

266 1727 555 1791 luctibus
609 1726 1075 1811 funeribusque
1132 1728 1462 1811 subvenit,
1521 1727 1856 1794 influentis
1911 1727 1982 1790 in
2036 1726 2303 1790 Italiam

271 1813 614 1879 Gallorum
650 1815 967 1879 maximas
1007 1815 1227 1898 copias
1265 1815 1597 1898 repressit,
1631 1836 1763 1880 non
1797 1816 1937 1899 ipse
1967 1813 2049 1878 ad
2077 1837 2301 1878 eorum

270 1903 464 1968 urbes
504 1903 815 1987 sedesque
852 1903 1237 1988 penetravit.
1293 1902 1491 1969 Modo
1519 1904 1631 1968 ille
1660 1925 1957 1968 meorum
1984 1903 2302 1981 laborum,

267 1992 733 2075 periculorum,
798 1992 1221 2057 consiliorum
1278 1992 1522 2076 socius,
1578 1991 1647 2058 C.
1701 1991 2092 2076 Pomptinus
2103 2042 2120 2074 ,
2176 1992 2302 2055 for·
2329 2012 2388 2053 20

268 2079 567 2143 tissimus
613 2080 731 2163 vir,
780 2084 996 2143 ortum
1044 2084 1309 2164 repente
1345 2079 1593 2144 bellum
1630 2079 2068 2165 Allobrogum
2106 2084 2302 2162 atque

268 2167 392 2231 hac
466 2168 784 2231 scelerata
848 2168 1295 2232 coniuratione
1361 2168 1718 2232 excitatum
1774 2168 2042 2251 proeliis
2101 2166 2305 2252 fregit

270 2276 510 2338 eosque
566 2255 846 2338 domuit,
903 2256 1016 2337 qui
1079 2255 1530 2340 lacessierant,
1579 2259 1647 2319 et
1701 2278 1780 2319 ea
1831 2255 2112 2321 victoria
2157 2276 2303 2319 con·

270 2347 492 2407 tentus
549 2365 619 2407 re
673 2343 937 2426 publica
992 2347 1173 2408 metu
1217 2343 1498 2407 liberata
1543 2343 1809 2428 quievit.
1901 2343 1966 2409 (J.
2004 2342 2302 2408 Caesaris

271 2430 465 2515 longe
522 2431 719 2494 aliam
781 2431 970 2496 video
1030 2430 1231 2495 fuisse
1287 2431 1628 2496 rationem.
1736 2430 1891 2497 Non
1945 2431 2120 2496 enim
2175 2431 2303 2495 sibi
2330 2453 2388 2494 25

270 2518 487 2583 solum
542 2540 691 2583 cum
752 2519 863 2601 118,
929 2540 1092 2602 quos
1156 2520 1291 2583 iam
1351 2523 1642 2584 armatos
1708 2524 1936 2584 contra
1987 2520 2305 2603 populum

270 2604 643 2671 Romanum
689 2606 979 2690 videbat,
1034 2607 1411 2672 bellandum
1465 2628 1607 2671 esse
1662 2608 1873 2691 duxit,
1931 2606 2045 2672 sed
2090 2610 2306 2671 totam

134 2669 251 2755 s33
274 2692 615 2758 Galliam
596 2716 668 2757 1n
701 2698 999 2759 nostram
1036 2694 1358 2759 dicionem
1395 2716 1536 2759 6886
1572 2659 2007 2795 redigendam.
2071 2694 2304 2777 Itaque

273 2804 422 2846 cum
493 2782 825 2845 acerrimis
889 2782 1269 2847 nationibus
1335 2786 1402 2846 et
1464 2782 1768 2847 maximis
1830 2782 2305 2848 Germanorum

272 2875 341 2933 et
384 2869 840 2935 Helvetiorum
884 2869 1153 2954 proeliis
1198 2870 1576 2936 felicissime
1620 2872 2007 2955 decertavit,
2053 2875 2304 2935 ceteras
2332 2894 2390 2934 30

274 2958 663 3041 conterruit,
710 2958 1056 3042 compulit,
1102 2958 1376 3042 domuit,
1425 2958 1704 3042 imperio
1750 2959 1978 3043 populi
2021 2956 2305 3023 Romani

271 3067 499 3197 {3533
552 3046 761 3197 2333
763 3046 1019 3197 fessssess
1022 3050 1053 3109 '⁵
1062 3068 1330 3197 '1112‘133532
1340 3047 1829 3219 Γθὲἶιῗῗξῗὲἒ
1825 3068 2074 3199 ³⁸35.
2088 3045 2308 3197 &3533

273 3224 465 3285 notas
523 3220 795 3304 fecerat,
853 3221 975 3284 has
1028 3224 1255 3283 noster
1307 3220 1669 3305 imperator
1718 3227 2072 3305 nosterque
2133 3242 2308 3285 exer-

276 3307 447 3371 citus
504 3312 571 3370 et
618 3308 845 3391 populi
890 3307 1175 3371 Romani
1222 3330 1408 3371 arma
1450 3314 1903 3395 peragrarunt.
1985 3308 2306 3374 Semitam
2334 3334 2390 3375 ss

275 3398 537 3458 tantum
594 3393 845 3459 Galliae
912 3395 1297 3459 tenebamus
1355 3400 1575 3483 611166,
1643 3401 1866 3498 patres
1923 3397 2306 3481 conscripti3

277 3483 529 3545 ceterae
585 3487 807 3567 partes
864 3503 903 3545 a
957 3482 1267 3567 gentibus
1324 3488 1442 3549 aut
1493 3485 1776 3550 inimicis
1830 3486 1986 3551 huic
2029 3484 2308 3571 imperio

164 1165 245 1228 13

182 1255 249 1302 32
