2550 3875
851 216 1005 271 cAP.
1046 222 1219 271 9-11
1261 222 1291 282 ς
1333 222 1557 272 19—24.
2093 216 2223 282 543

168 379 312 443 sule
359 378 553 442 modo
605 378 856 461 accepi.
938 377 1073 441 Eas
1122 378 1276 442 dum
1323 378 1527 443 recito
1565 378 1851 462 dumque
1888 378 1966 443 de
2005 377 2224 463 singu-

167 466 254 529 lis
293 465 639 531 sententiis
682 465 980 530 breviter
1017 466 1301 549 disput0,
1338 466 1553 548 velim,
1589 470 1814 550 patres
1850 466 2225 550 conscripti,

171 558 250 618 ut
318 554 529 619 adhuc
582 552 866 637 fecistis,
930 575 1034 618 me
1092 557 1343 617 attente
1400 554 1697 620 audiatis.
1800 552 2222 619 ‘Antonius

173 641 453 707 Hirtio
517 646 595 706 et
640 639 1000 708 Caesari?
1091 640 1323 726 Neque
1380 662 1448 706 se
1505 642 1969 726 imperatorem
2013 662 2225 725 neque

111 758 142 798 5
175 730 481 794 Hirtium
528 730 865 795 consulem
911 751 1030 795 nec
1076 750 1196 814 pro
1242 733 1547 813 praetore
1595 728 1956 795 Caesarem.
2046 728 2223 795 Satis

173 819 302 883 hoc
363 818 628 905 quidem
676 818 870 902 scite3
926 818 1246 902 deponere
1296 818 1581 882 alienum
1624 839 1863 883 nomen
1907 818 2048 902 ipse
2093 840 2225 883 ma-

174 906 305 971 luit
360 928 566 990 quam
623 905 758 970 illis
819 928 1009 969 suum
1056 906 1339 970 reddere.
1433 904 1805 990 ‘Cognita
1858 909 2104 971 morte
2153 904 2224 973 C.

177 994 527 1059 Treboni
588 1015 743 1059 non
806 994 981 1078 plus
1047 994 1385 1079 gavisus
1434 1015 1625 1077 sum,
1692 1015 1915 1078 quam
1969 993 2223 1059 dolui?

181 1082 443 1166 Videte,
497 1082 655 1166 quid
701 1103 768 1146 se
818 1082 1137 1166 gavisum,
1184 1082 1342 1165 quid
1387 1082 1673 1146 doluisse
1720 1082 1922 1165 dieat3
1966 1080 2224 1146 facilius

95 1198 150 1237 ιο
182 1172 262 1235 de
298 1192 464 1256 pace
493 1170 959 1234 deliberabitis.
1027 1169 1390 1235 ‘Dedisse
1427 1191 1714 1253 poenas
1755 1170 2226 1235 sceleratum

182 1258 435 1324 cineri
501 1262 735 1342 atque
803 1259 1114 1323 ossibus
1172 1258 1602 1323 clarissimi
1659 1257 1811 1323 viri
1867 1261 1943 1322 et
1999 1279 2227 1341 appa-

181 1347 443 1411 ruisse
489 1367 767 1411 numen
814 1346 1129 1410 deorum
1175 1346 1387 1411 intra
1422 1345 1664 1410 finem
1700 1344 1880 1410 anni
1915 1350 2226 1410 verten-

182 1435 292 1501 tis
339 1439 477 1500 aut
522 1434 674 1499 iam
721 1434 988 1499 soluto
1037 1434 1429 1518 supplicio
1467 1433 1882 1518 parricidii
1920 1438 2057 1499 aut
2092 1434 2228 1498 im-

186 1523 572 1607 pendente
619 1523 1071 1587 laetandum
1109 1520 1269 1587 est.’
1346 1521 1400 1587 0
1444 1520 1781 1605 Spartace!
1823 1543 2016 1606 quem
2054 1522 2227 1586 enim

100 1638 157 1679 ιο
187 1615 257 1675 te
303 1610 526 1694 potius
577 1610 915 1694 appellem,
971 1609 1154 1675 cuius
1199 1614 1471 1694 propter
1515 1609 1792 1674 nefanda
1840 1611 2087 1675 scelera
2131 1614 2228 1675 to-

185 1699 480 1763 lerabilis
517 1698 720 1763 fuisse
760 1698 1018 1762 videtur
1054 1696 1387 1765 Catilina?
1433 1697 1812 1763 laetandum
1849 1719 1990 1763 esse
2030 1720 2227 1763 ausus

187 1808 260 1853 es
337 1787 620 1852 scribere
684 1786 1082 1851 Trebonium
1156 1786 1408 1851 dedisse
1474 1786 1762 1870 poenas?
1838 1787 2225 1851 sceleratum

187 1874 634 1942 Trebonium?
683 1896 810 1959 quo
849 1875 1108 1959 scelere,
1143 1874 1272 1939 nisi
1312 1875 1485 1959 quod
1522 1878 1588 1939 te
1626 1872 1853 1940 Idibus
1891 1873 2150 1939 Martiis
2190 1896 2226 1939 a

190 1965 416 2029 debita
454 1964 578 2028 tibi
606 1966 791 2049 peste
821 1963 1122 2028 seduxit?
1186 1961 1350 2049 Age,
1386 1964 1513 2028 hoc
1541 1963 1838 2048 laetaris3
1875 1964 2225 2045 videamus,
2245 1976 2315 2023 28

103 2080 161 2120 ιο
192 2053 350 2137 quid
405 2052 682 2136 moleste
736 2051 926 2117 feras.
1019 2050 1107 2116 ‘A
1160 2057 1379 2116 senatu
1431 2050 1865 2116 iudicatum
1919 2051 2229 2116 hostem

190 2141 463 2225 populi
509 2139 837 2205 Romani
888 2139 1378 2205 Dolabellam
1434 2161 1547 2222 e0‚
1604 2140 1802 2223 quod
1860 2139 2228 2206 sicarium

195 2227 604 2311 occiderit,
669 2231 747 2292 et
799 2227 1050 2293 videri
1106 2228 1487 2294 cariorem
1538 2226 1828 2311 populo
1885 2226 2227 2292 Romano

193 2316 452 2381 filium
510 2337 822 2380 scurrae
878 2337 1101 2400 quam
1148 2314 1217 2382 O.
1265 2314 1697 2399 Caesarem,
1749 2316 2056 2400 patriae
2101 2337 2230 2400 pa-

194 2408 525 2488 rentem,
596 2403 1261 2490 ingemiscendum
1335 2402 1493 2469 est?
1610 2403 1781 2480 Quid
1852 2403 2230 2490 ingemiscis

112 2518 168 2558 25
193 2494 458 2558 hostem
539 2492 878 2558 iudicatum
956 2491 1417 2558 Dolabellam?
1500 2491 1696 2576 quid?
1779 2495 1847 2557 te
1925 2513 2060 2557 non
2139 2492 2233 2556 in-

197 2579 462 2665 tellegis
519 2579 762 2645 dilectu
819 2584 964 2646 tota
1007 2578 1205 2644 Italia
1257 2579 1517 2664 habito,
1571 2579 1946 2646 consulibus
1994 2579 2232 2663 missis,

204 2667 484 2736 Caesare
532 2672 782 2753 ornato,
828 2667 1005 2753 sagis
1053 2667 1328 2751 denique
1375 2667 1657 2752 sumptis
1698 2668 1960 2733 hostem
1995 2667 2233 2731 iudica-

200 2757 390 2822 tum?
481 2753 649 2832 Quid
695 2760 799 2821 est
837 2760 1074 2840 autem,
1121 2756 1452 2839 scelerate,
1500 2757 1672 2840 quod
1709 2775 1935 2841 gemas
1971 2754 2233 2819 hostem

201 2843 620 2911 Dolabellam
683 2843 1043 2909 iudicatum
1101 2865 1142 2908 a
1201 2844 1476 2910 senatu?
1543 2864 1737 2930 quem
1801 2846 1879 2907 tu
1940 2841 2232 2907 ordinem
2290 2873 2299 2882 ·

119 2959 177 2999 ao
207 2933 473 2998 omnino
521 2953 663 2998 esse
707 2932 963 2997 nullum
1006 2934 1220 3016 putas,
1267 2932 1382 2996 sed
1426 2953 1571 2996 eam
1608 2930 1734 2995 tibi
1772 2951 2037 2995 causam
2072 2929 2234 2995 belli

205 3020 472 3122 gerendi
514 3020 854 3105 proponis,
898 3023 976 3085 ut
1022 3024 1321 3086 senatum
1364 3018 1660 3084 funditus
1708 3017 1951 3102 deleas,
1997 3017 2235 3102 reliqui

203 3107 364 3174 boni
428 3112 496 3173 et
558 3107 917 3193 locupletes
977 3129 1202 3174 omnes
1269 3129 1595 3172 summum
1661 3106 1953 3172 ordinem
2016 3106 2235 3171 subse-

208 3200 510 3281 quantur.
619 3196 713 3261 At
785 3217 1045 3262 scurrae
1118 3196 1327 3261 filium
1402 3195 1706 3279 appellat.
1816 3192 2017 3270 Quasi
2080 3215 2235 3259 vero

207 3285 476 3370 ignotus
530 3285 722 3351 nobis
778 3284 978 3350 fuerit
1033 3283 1408 3369 splendidus
1456 3304 1652 3366 eques
1698 3281 2032 3348 Romanus
2087 3281 2237 3346 Tre-

124 3399 179 3440 ³5
207 3372 366 3438 boni
432 3376 637 3456 pater.
735 3371 804 3439 Is
868 3376 1089 3438 autem
1149 3371 1595 3437 humilitatem
1659 3370 1986 3455 despicere
2041 3370 2237 3436 audet
2258 3415 2333 3478 11

211 3460 623 3544 cuiusquam,
673 3460 787 3545 qui
833 3481 910 3526 ex
955 3459 1160 3525 Fadia
1206 3459 1548 3525 sustulerit
1592 3458 1881 3524 liberos?
1973 3457 2236 3524 Acer
2257 3505 2325 3552 24

210 3547 620 3614 bissimum
667 3570 848 3613 vero
897 3553 1022 3612 est
1059 3552 1160 3632 te,
1208 3550 1285 3612 A.
1323 3546 1571 3625 Hirti,
1617 3551 1976 3612 ornatum
2014 3547 2235 3613 bene-
