<?xml version="1.0" encoding="UTF-8"?>
<!DOCTYPE html PUBLIC "-//W3C//DTD XHTML 1.0 Transitional//EN"
    "http://www.w3.org/TR/xhtml1/DTD/xhtml1-transitional.dtd">
<html xmlns="http://www.w3.org/1999/xhtml" xml:lang="en" lang="en">
 <head>
  <title>
</title>
<meta http-equiv="Content-Type" content="text/html;charset=utf-8" />
  <meta name='ocr-system' content='tesseract 3.04.00' />
  <meta name='ocr-capabilities' content='ocr_page ocr_carea ocr_par ocr_line ocrx_word'/>
</head>
<body>
  <div class='ocr_page' id='page_1' title='image "./scriptaquaemans00mlgoog_0440.png"; bbox 0 0 2550 3875; ppageno 0'>
   <div class='ocr_carea' id='block_1_1' title="bbox 331 167 1933 240">
    <p class='ocr_par' dir='ltr' id='par_1_1' title="bbox 331 167 1933 240">
     <span class='ocr_line' id='line_1_1' title="bbox 331 167 1933 240; baseline -0.009 -1"><span class='ocrx_word' id='word_1_1' title='bbox 331 174 463 240; x_wconf 85' lang='lat'><strong>304</strong></span> <span class='ocrx_word' id='word_1_2' title='bbox 774 169 917 226; x_wconf 88' lang='lat' dir='ltr'><strong>PRO</strong></span> <span class='ocrx_word' id='word_1_3' title='bbox 954 169 1016 226; x_wconf 89' lang='grc' dir='ltr'><strong>Τ.</strong></span> <span class='ocrx_word' id='word_1_4' title='bbox 1052 169 1289 225; x_wconf 81' lang='lat' dir='ltr'>ANNIO</span> <span class='ocrx_word' id='word_1_5' title='bbox 1326 168 1609 226; x_wconf 84' lang='lat' dir='ltr'>MILONE</span> <span class='ocrx_word' id='word_1_6' title='bbox 1648 167 1933 226; x_wconf 81' lang='lat' dir='ltr'>ORATIO.</span> 
     </span>
    </p>
   </div>
   <div class='ocr_carea' id='block_1_2' title="bbox 207 329 2461 3592">
    <p class='ocr_par' dir='ltr' id='par_1_2' title="bbox 224 329 2369 592">
     <span class='ocr_line' id='line_1_2' title="bbox 329 329 2369 417; baseline -0.005 -15"><span class='ocrx_word' id='word_1_7' title='bbox 329 356 659 402; x_wconf 73' lang='lat' dir='ltr'><strong>sermones</strong></span> <span class='ocrx_word' id='word_1_8' title='bbox 718 337 785 399; x_wconf 92' lang='lat' dir='ltr'><strong>et</strong></span> <span class='ocrx_word' id='word_1_9' title='bbox 839 331 1204 417; x_wconf 74' lang='lat' dir='ltr'><strong>opinioneS,</strong></span> <span class='ocrx_word' id='word_1_10' title='bbox 1261 331 1375 397; x_wconf 92' lang='lat' dir='ltr'><strong>sed</strong></span> <span class='ocrx_word' id='word_1_11' title='bbox 1427 353 1561 396; x_wconf 89' lang='lat' dir='ltr'><strong>non</strong></span> <span class='ocrx_word' id='word_1_12' title='bbox 1612 331 1944 396; x_wconf 90' lang='lat' dir='ltr'><strong>nullorum</strong></span> <span class='ocrx_word' id='word_1_13' title='bbox 1996 330 2198 395; x_wconf 89' lang='lat' dir='ltr'><strong>etiam</strong></span> <span class='ocrx_word' id='word_1_14' title='bbox 2244 329 2369 393; x_wconf 91' lang='lat' dir='ltr'><strong>im-</strong></span> 
     </span>
     <span class='ocr_line' id='line_1_3' title="bbox 224 419 2365 510; baseline -0.002 -25"><span class='ocrx_word' id='word_1_15' title='bbox 224 423 752 510; x_wconf 79' lang='lat' dir='ltr'><strong>(63)peritorum‘?</strong></span> <span class='ocrx_word' id='word_1_16' title='bbox 843 420 1196 506; x_wconf 86' lang='lat' dir='ltr'><strong>Negabant</strong></span> <span class='ocrx_word' id='word_1_17' title='bbox 1250 442 1401 485; x_wconf 91' lang='lat' dir='ltr'><strong>eum</strong></span> <span class='ocrx_word' id='word_1_18' title='bbox 1445 419 1725 484; x_wconf 85' lang='lat' dir='ltr'>Romam</span> <span class='ocrx_word' id='word_1_19' title='bbox 1782 440 1921 484; x_wconf 89' lang='lat' dir='ltr'><strong>esse</strong></span> <span class='ocrx_word' id='word_1_20' title='bbox 1976 419 2365 483; x_wconf 87' lang='lat' dir='ltr'><strong>rediturum.</strong></span> 
     </span>
     <span class='ocr_line' id='line_1_4' title="bbox 242 506 2367 592; baseline -0.003 -18"><span class='ocrx_word' id='word_1_21' title='bbox 242 525 310 574; x_wconf 79' lang='lat'><strong>63</strong></span> <span class='ocrx_word' id='word_1_22' title='bbox 333 511 482 578; x_wconf 81' lang='lat' dir='ltr'><strong>Sive</strong></span> <span class='ocrx_word' id='word_1_23' title='bbox 548 511 723 576; x_wconf 88' lang='lat' dir='ltr'><strong>enim</strong></span> <span class='ocrx_word' id='word_1_24' title='bbox 773 508 938 574; x_wconf 89' lang='lat' dir='ltr'><strong>illud</strong></span> <span class='ocrx_word' id='word_1_25' title='bbox 995 509 1212 573; x_wconf 88' lang='lat' dir='ltr'><strong>animo</strong></span> <span class='ocrx_word' id='word_1_26' title='bbox 1268 509 1440 573; x_wconf 90' lang='lat' dir='ltr'><strong>irato</strong></span> <span class='ocrx_word' id='word_1_27' title='bbox 1499 529 1575 573; x_wconf 87' lang='lat' dir='ltr'><strong>ac</strong></span> <span class='ocrx_word' id='word_1_28' title='bbox 1627 507 1879 592; x_wconf 86' lang='lat' dir='ltr'><strong>percito</strong></span> <span class='ocrx_word' id='word_1_29' title='bbox 1934 506 2227 590; x_wconf 86' lang='lat' dir='ltr'><strong>fecisset,</strong></span> <span class='ocrx_word' id='word_1_30' title='bbox 2284 509 2367 569; x_wconf 87' lang='lat' dir='ltr'><strong>ut</strong></span> 
     </span>
    </p>

    <p class='ocr_par' dir='ltr' id='par_1_3' title="bbox 329 594 2366 680">
     <span class='ocr_line' id='line_1_5' title="bbox 329 594 2366 680; baseline -0.004 -14"><span class='ocrx_word' id='word_1_31' title='bbox 329 601 632 666; x_wconf 87' lang='lat' dir='ltr'><strong>incensus</strong></span> <span class='ocrx_word' id='word_1_32' title='bbox 679 598 828 665; x_wconf 91' lang='lat' dir='ltr'><strong>odio</strong></span> <span class='ocrx_word' id='word_1_33' title='bbox 876 597 1234 662; x_wconf 73' lang='lat' dir='ltr'><strong>trucidaret</strong></span> <span class='ocrx_word' id='word_1_34' title='bbox 1277 595 1634 680; x_wconf 87' lang='lat' dir='ltr'><strong>inimicum,</strong></span> <span class='ocrx_word' id='word_1_35' title='bbox 1682 594 2171 660; x_wconf 72' lang='lat' dir='ltr'>arbitrabantur</span> <span class='ocrx_word' id='word_1_36' title='bbox 2208 615 2366 658; x_wconf 92' lang='lat' dir='ltr'><strong>eum</strong></span> 
     </span>
    </p>

    <p class='ocr_par' dir='ltr' id='par_1_4' title="bbox 328 681 2461 1124">
     <span class='ocr_line' id='line_1_6' title="bbox 328 681 2461 769; baseline -0.004 -16"><span class='ocrx_word' id='word_1_37' title='bbox 328 689 501 753; x_wconf 86' lang='lat' dir='ltr'><strong>tanti</strong></span> <span class='ocrx_word' id='word_1_38' title='bbox 546 690 826 753; x_wconf 89' lang='lat' dir='ltr'><strong>mortem</strong></span> <span class='ocrx_word' id='word_1_39' title='bbox 861 684 932 750; x_wconf 91' lang='lat' dir='ltr'><strong>P.</strong></span> <span class='ocrx_word' id='word_1_40' title='bbox 971 684 1160 752; x_wconf 82' lang='lat' dir='ltr'><strong>Clodi</strong></span> <span class='ocrx_word' id='word_1_41' title='bbox 1196 688 1479 769; x_wconf 86' lang='lat' dir='ltr'><strong>putasse,</strong></span> <span class='ocrx_word' id='word_1_42' title='bbox 1524 687 1603 748; x_wconf 92' lang='lat' dir='ltr'><strong>ut</strong></span> <span class='ocrx_word' id='word_1_43' title='bbox 1640 705 1846 768; x_wconf 85' lang='lat' dir='ltr'><strong>aequo</strong></span> <span class='ocrx_word' id='word_1_44' title='bbox 1886 683 2103 748; x_wconf 83' lang='lat' dir='ltr'><strong>animo</strong></span> <span class='ocrx_word' id='word_1_45' title='bbox 2139 681 2365 768; x_wconf 87' lang='lat' dir='ltr'><strong>patria</strong></span> <span class='ocrx_word' id='word_1_46' title='bbox 2428 695 2461 736; x_wconf 82' lang='lat'>⁵</span> 
     </span>
     <span class='ocr_line' id='line_1_7' title="bbox 331 772 2366 860; baseline -0.003 -19"><span class='ocrx_word' id='word_1_47' title='bbox 331 779 600 860; x_wconf 88' lang='lat' dir='ltr'><strong>careret,</strong></span> <span class='ocrx_word' id='word_1_48' title='bbox 647 797 793 840; x_wconf 87' lang='lat' dir='ltr'><strong>cum</strong></span> <span class='ocrx_word' id='word_1_49' title='bbox 843 773 1159 860; x_wconf 85' lang='lat' dir='ltr'><strong>sanguine</strong></span> <span class='ocrx_word' id='word_1_50' title='bbox 1203 773 1455 838; x_wconf 91' lang='lat' dir='ltr'><strong>inimici</strong></span> <span class='ocrx_word' id='word_1_51' title='bbox 1502 772 1827 856; x_wconf 74' lang='lat' dir='ltr'><strong>explesset</strong></span> <span class='ocrx_word' id='word_1_52' title='bbox 1874 772 2095 836; x_wconf 91' lang='lat' dir='ltr'><strong>odium</strong></span> <span class='ocrx_word' id='word_1_53' title='bbox 2141 792 2366 854; x_wconf 83' lang='lat' dir='ltr'><strong>suum3</strong></span> 
     </span>
     <span class='ocr_line' id='line_1_8' title="bbox 334 860 2366 945; baseline -0.003 -16"><span class='ocrx_word' id='word_1_54' title='bbox 334 865 469 930; x_wconf 81' lang='lat' dir='ltr'><strong>sive</strong></span> <span class='ocrx_word' id='word_1_55' title='bbox 515 864 716 928; x_wconf 85' lang='lat' dir='ltr'><strong>etiam</strong></span> <span class='ocrx_word' id='word_1_56' title='bbox 752 862 930 927; x_wconf 90' lang='lat' dir='ltr'><strong>illius</strong></span> <span class='ocrx_word' id='word_1_57' title='bbox 967 865 1177 927; x_wconf 90' lang='lat' dir='ltr'><strong>morte</strong></span> <span class='ocrx_word' id='word_1_58' title='bbox 1213 861 1499 945; x_wconf 87' lang='lat' dir='ltr'><strong>patriam</strong></span> <span class='ocrx_word' id='word_1_59' title='bbox 1533 861 1811 925; x_wconf 89' lang='lat' dir='ltr'><strong>liberare</strong></span> <span class='ocrx_word' id='word_1_60' title='bbox 1848 860 2182 943; x_wconf 83' lang='lat' dir='ltr'><strong>voluisset,</strong></span> <span class='ocrx_word' id='word_1_61' title='bbox 2226 879 2366 923; x_wconf 90' lang='lat' dir='ltr'><strong>non</strong></span> 
     </span>
     <span class='ocr_line' id='line_1_9' title="bbox 333 946 2363 1034; baseline -0.003 -17"><span class='ocrx_word' id='word_1_62' title='bbox 333 952 783 1018; x_wconf 81' lang='lat' dir='ltr'><strong>dubitaturum</strong></span> <span class='ocrx_word' id='word_1_63' title='bbox 846 950 1088 1015; x_wconf 89' lang='lat' dir='ltr'><strong>fortem</strong></span> <span class='ocrx_word' id='word_1_64' title='bbox 1143 949 1386 1034; x_wconf 85' lang='lat' dir='ltr'><strong>virum,</strong></span> <span class='ocrx_word' id='word_1_65' title='bbox 1442 949 1628 1033; x_wconf 89' lang='lat' dir='ltr'><strong>quin,</strong></span> <span class='ocrx_word' id='word_1_66' title='bbox 1692 971 1841 1014; x_wconf 93' lang='lat' dir='ltr'><strong>cum</strong></span> <span class='ocrx_word' id='word_1_67' title='bbox 1888 970 2007 1013; x_wconf 93' lang='lat' dir='ltr'><strong>suo</strong></span> <span class='ocrx_word' id='word_1_68' title='bbox 2062 946 2363 1032; x_wconf 88' lang='lat' dir='ltr'><strong>periculo</strong></span> 
     </span>
     <span class='ocr_line' id='line_1_10' title="bbox 333 1037 2361 1124; baseline -0.004 -18"><span class='ocrx_word' id='word_1_69' title='bbox 333 1041 612 1106; x_wconf 84' lang='lat' dir='ltr'><strong>salutem</strong></span> <span class='ocrx_word' id='word_1_70' title='bbox 684 1039 927 1124; x_wconf 88' lang='lat' dir='ltr'><strong>populo</strong></span> <span class='ocrx_word' id='word_1_71' title='bbox 1001 1037 1299 1103; x_wconf 86' lang='lat' dir='ltr'><strong>Romano</strong></span> <span class='ocrx_word' id='word_1_72' title='bbox 1374 1037 1736 1122; x_wconf 84' lang='lat' dir='ltr'><strong>attulisset,</strong></span> <span class='ocrx_word' id='word_1_73' title='bbox 1818 1037 2075 1102; x_wconf 91' lang='lat' dir='ltr'><strong>cederet</strong></span> <span class='ocrx_word' id='word_1_74' title='bbox 2148 1056 2361 1119; x_wconf 89' lang='lat' dir='ltr'><strong>aequo</strong></span> 
     </span>
    </p>

    <p class='ocr_par' dir='ltr' id='par_1_5' title="bbox 253 1124 2460 1740">
     <span class='ocr_line' id='line_1_11' title="bbox 253 1124 2460 1212; baseline -0.004 -18"><span class='ocrx_word' id='word_1_75' title='bbox 253 1168 264 1182; x_wconf 78' lang='lat'><em>-</em></span> <span class='ocrx_word' id='word_1_76' title='bbox 333 1128 549 1194; x_wconf 77' lang='lat' dir='ltr'><strong>animo</strong></span> <span class='ocrx_word' id='word_1_77' title='bbox 605 1127 892 1212; x_wconf 87' lang='lat' dir='ltr'><strong>legibus,</strong></span> <span class='ocrx_word' id='word_1_78' title='bbox 948 1147 1167 1191; x_wconf 90' lang='lat' dir='ltr'><strong>secum</strong></span> <span class='ocrx_word' id='word_1_79' title='bbox 1223 1125 1511 1191; x_wconf 88' lang='lat' dir='ltr'><strong>auferret</strong></span> <span class='ocrx_word' id='word_1_80' title='bbox 1551 1125 1830 1212; x_wconf 85' lang='lat' dir='ltr'><strong>gloriam</strong></span> <span class='ocrx_word' id='word_1_81' title='bbox 1876 1124 2365 1209; x_wconf 89' lang='lat' dir='ltr'><strong>sempiternam,</strong></span> <span class='ocrx_word' id='word_1_82' title='bbox 2396 1136 2460 1175; x_wconf 84' lang='lat'><strong>1⁰</strong></span> 
     </span>
     <span class='ocr_line' id='line_1_12' title="bbox 331 1213 2363 1298; baseline -0.003 -16"><span class='ocrx_word' id='word_1_83' title='bbox 331 1217 519 1282; x_wconf 85' lang='lat' dir='ltr'><strong>vobis</strong></span> <span class='ocrx_word' id='word_1_84' title='bbox 574 1216 736 1281; x_wconf 91' lang='lat' dir='ltr'><strong>haec</strong></span> <span class='ocrx_word' id='word_1_85' title='bbox 789 1214 1064 1280; x_wconf 84' lang='lat' dir='ltr'><strong>fruenda</strong></span> <span class='ocrx_word' id='word_1_86' title='bbox 1118 1214 1543 1298; x_wconf 87' lang='lat' dir='ltr'><strong>relinqueret,</strong></span> <span class='ocrx_word' id='word_1_87' title='bbox 1598 1235 1763 1298; x_wconf 88' lang='lat' dir='ltr'><strong>quae</strong></span> <span class='ocrx_word' id='word_1_88' title='bbox 1818 1213 1960 1297; x_wconf 91' lang='lat' dir='ltr'><strong>ipse</strong></span> <span class='ocrx_word' id='word_1_89' title='bbox 2017 1215 2363 1277; x_wconf 84' lang='lat' dir='ltr'><strong>servasset.</strong></span> 
     </span>
     <span class='ocr_line' id='line_1_13' title="bbox 329 1301 2367 1386; baseline -0.002 -17"><span class='ocrx_word' id='word_1_90' title='bbox 329 1304 530 1369; x_wconf 92' lang='lat' dir='ltr'><strong>Multi</strong></span> <span class='ocrx_word' id='word_1_91' title='bbox 591 1304 790 1369; x_wconf 91' lang='lat' dir='ltr'><strong>etiam</strong></span> <span class='ocrx_word' id='word_1_92' title='bbox 837 1301 1191 1367; x_wconf 82' lang='lat' dir='ltr'><strong>Catilinam</strong></span> <span class='ocrx_word' id='word_1_93' title='bbox 1247 1305 1444 1386; x_wconf 89' lang='lat' dir='ltr'><strong>atque</strong></span> <span class='ocrx_word' id='word_1_94' title='bbox 1498 1302 1614 1366; x_wconf 88' lang='lat' dir='ltr'><strong>illa</strong></span> <span class='ocrx_word' id='word_1_95' title='bbox 1656 1304 1965 1386; x_wconf 87' lang='lat' dir='ltr'><strong>portenta</strong></span> <span class='ocrx_word' id='word_1_96' title='bbox 2007 1301 2367 1386; x_wconf 87' lang='lat' dir='ltr'><strong>loqueban-</strong></span> 
     </span>
     <span class='ocr_line' id='line_1_14' title="bbox 331 1389 2366 1475; baseline -0.002 -18"><span class='ocrx_word' id='word_1_97' title='bbox 331 1398 464 1457; x_wconf 87' lang='lat' dir='ltr'><strong>tur:</strong></span> <span class='ocrx_word' id='word_1_98' title='bbox 549 1391 919 1475; x_wconf 76' lang='lat' dir='ltr'><strong>‘Erumpet,</strong></span> <span class='ocrx_word' id='word_1_99' title='bbox 1001 1389 1349 1475; x_wconf 80' lang='lat' dir='ltr'><strong>occupabit</strong></span> <span class='ocrx_word' id='word_1_100' title='bbox 1430 1389 1715 1474; x_wconf 81' lang='lat' dir='ltr'><strong>aliquem</strong></span> <span class='ocrx_word' id='word_1_101' title='bbox 1786 1391 2033 1474; x_wconf 91' lang='lat' dir='ltr'><strong>locum,</strong></span> <span class='ocrx_word' id='word_1_102' title='bbox 2112 1389 2366 1453; x_wconf 90' lang='lat' dir='ltr'><strong>bellum</strong></span> 
     </span>
     <span class='ocr_line' id='line_1_15' title="bbox 329 1476 2365 1565; baseline -0.002 -20"><span class='ocrx_word' id='word_1_103' title='bbox 329 1481 581 1565; x_wconf 88' lang='lat' dir='ltr'><strong>patriae</strong></span> <span class='ocrx_word' id='word_1_104' title='bbox 651 1476 889 1544; x_wconf 66' lang='lat' dir='ltr'><strong>faciet?</strong></span> <span class='ocrx_word' id='word_1_105' title='bbox 996 1477 1276 1544; x_wconf 86' lang='lat' dir='ltr'><strong>Miseros</strong></span> <span class='ocrx_word' id='word_1_106' title='bbox 1341 1479 1668 1543; x_wconf 91' lang='lat' dir='ltr'><strong>interdum</strong></span> <span class='ocrx_word' id='word_1_107' title='bbox 1732 1477 1904 1544; x_wconf 86' lang='lat' dir='ltr'><strong>cives</strong></span> <span class='ocrx_word' id='word_1_108' title='bbox 1970 1477 2215 1562; x_wconf 86' lang='lat' dir='ltr'><strong>optime</strong></span> <span class='ocrx_word' id='word_1_109' title='bbox 2278 1476 2365 1540; x_wconf 89' lang='lat' dir='ltr'><strong>de</strong></span> 
     </span>
     <span class='ocr_line' id='line_1_16' title="bbox 330 1565 2452 1652; baseline -0.001 -20"><span class='ocrx_word' id='word_1_110' title='bbox 330 1589 400 1633; x_wconf 89' lang='lat' dir='ltr'><strong>re</strong></span> <span class='ocrx_word' id='word_1_111' title='bbox 446 1567 710 1652; x_wconf 90' lang='lat' dir='ltr'><strong>publica</strong></span> <span class='ocrx_word' id='word_1_112' title='bbox 755 1567 1044 1651; x_wconf 89' lang='lat' dir='ltr'><strong>meritos,</strong></span> <span class='ocrx_word' id='word_1_113' title='bbox 1087 1567 1159 1632; x_wconf 88' lang='lat' dir='ltr'><strong>in</strong></span> <span class='ocrx_word' id='word_1_114' title='bbox 1205 1567 1441 1650; x_wconf 88' lang='lat' dir='ltr'><strong>quibus</strong></span> <span class='ocrx_word' id='word_1_115' title='bbox 1488 1566 1786 1631; x_wconf 90' lang='lat' dir='ltr'><strong>homines</strong></span> <span class='ocrx_word' id='word_1_116' title='bbox 1831 1587 1967 1632; x_wconf 89' lang='lat' dir='ltr'><strong>non</strong></span> <span class='ocrx_word' id='word_1_117' title='bbox 2009 1565 2205 1630; x_wconf 94' lang='lat' dir='ltr'><strong>modo</strong></span> <span class='ocrx_word' id='word_1_118' title='bbox 2253 1585 2363 1629; x_wconf 87' lang='lat' dir='ltr'><strong>res</strong></span> <span class='ocrx_word' id='word_1_119' title='bbox 2394 1575 2452 1617; x_wconf 75' lang='lat'><strong>1⁵</strong></span> 
     </span>
     <span class='ocr_line' id='line_1_17' title="bbox 328 1652 2365 1740; baseline -0.001 -21"><span class='ocrx_word' id='word_1_120' title='bbox 328 1655 884 1740; x_wconf 85' lang='lat' dir='ltr'><strong>praeclarissimas</strong></span> <span class='ocrx_word' id='word_1_121' title='bbox 941 1655 1445 1738; x_wconf 83' lang='lat' dir='ltr'><strong>obliviscuntur,</strong></span> <span class='ocrx_word' id='word_1_122' title='bbox 1505 1654 1619 1719; x_wconf 89' lang='lat' dir='ltr'><strong>sed</strong></span> <span class='ocrx_word' id='word_1_123' title='bbox 1673 1655 1874 1720; x_wconf 89' lang='lat' dir='ltr'><strong>etiam</strong></span> <span class='ocrx_word' id='word_1_124' title='bbox 1926 1652 2210 1719; x_wconf 85' lang='lat' dir='ltr'><strong>nefarias</strong></span> <span class='ocrx_word' id='word_1_125' title='bbox 2259 1673 2365 1717; x_wconf 87' lang='lat' dir='ltr'><strong>su-</strong></span> 
     </span>
    </p>

    <p class='ocr_par' dir='ltr' id='par_1_6' title="bbox 243 1742 2366 1916">
     <span class='ocr_line' id='line_1_18' title="bbox 243 1742 2366 1829; baseline -0.003 -17"><span class='ocrx_word' id='word_1_126' title='bbox 243 1763 312 1812; x_wconf 76' lang='lat'><strong>64</strong></span> <span class='ocrx_word' id='word_1_127' title='bbox 333 1744 694 1829; x_wconf 82' lang='lat' dir='ltr'><strong>spicanturl</strong></span> <span class='ocrx_word' id='word_1_128' title='bbox 785 1743 967 1828; x_wconf 86' lang='lat' dir='ltr'><strong>Ergo</strong></span> <span class='ocrx_word' id='word_1_129' title='bbox 1022 1742 1140 1807; x_wconf 91' lang='lat' dir='ltr'><strong>illa</strong></span> <span class='ocrx_word' id='word_1_130' title='bbox 1192 1742 1363 1808; x_wconf 86' lang='lat' dir='ltr'><strong>falsa</strong></span> <span class='ocrx_word' id='word_1_131' title='bbox 1415 1742 1710 1828; x_wconf 81' lang='lat' dir='ltr'><strong>fuenmt,</strong></span> <span class='ocrx_word' id='word_1_132' title='bbox 1766 1764 1930 1826; x_wconf 89' lang='lat' dir='ltr'><strong>quae</strong></span> <span class='ocrx_word' id='word_1_133' title='bbox 1986 1746 2160 1809; x_wconf 89' lang='lat' dir='ltr'><strong>certe</strong></span> <span class='ocrx_word' id='word_1_134' title='bbox 2205 1761 2366 1806; x_wconf 83' lang='lat' dir='ltr'><strong>vera</strong></span> 
     </span>
     <span class='ocr_line' id='line_1_19' title="bbox 331 1830 2365 1916; baseline -0.001 -20"><span class='ocrx_word' id='word_1_135' title='bbox 331 1832 722 1916; x_wconf 83' lang='lat' dir='ltr'><strong>extitissent,</strong></span> <span class='ocrx_word' id='word_1_136' title='bbox 759 1831 817 1896; x_wconf 87' lang='lat' dir='ltr'><strong>si</strong></span> <span class='ocrx_word' id='word_1_137' title='bbox 853 1830 1016 1896; x_wconf 89' lang='lat' dir='ltr'><strong>Milo</strong></span> <span class='ocrx_word' id='word_1_138' title='bbox 1055 1830 1428 1896; x_wconf 85' lang='lat' dir='ltr'><strong>admisisset</strong></span> <span class='ocrx_word' id='word_1_139' title='bbox 1465 1830 1729 1916; x_wconf 88' lang='lat' dir='ltr'><strong>aliquid,</strong></span> <span class='ocrx_word' id='word_1_140' title='bbox 1768 1831 1942 1916; x_wconf 87' lang='lat' dir='ltr'><strong>quod</strong></span> <span class='ocrx_word' id='word_1_141' title='bbox 1974 1852 2109 1896; x_wconf 88' lang='lat' dir='ltr'><strong>non</strong></span> <span class='ocrx_word' id='word_1_142' title='bbox 2133 1833 2365 1914; x_wconf 84' lang='lat' dir='ltr'><strong>posset</strong></span> 
     </span>
    </p>

    <p class='ocr_par' dir='ltr' id='par_1_7' title="bbox 223 1919 1327 2029">
     <span class='ocr_line' id='line_1_20' title="bbox 223 1919 1327 2029; baseline -0.002 -42"><span class='ocrx_word' id='word_1_143' title='bbox 223 1965 264 2029; x_wconf 77' lang='lat'>2</span> <span class='ocrx_word' id='word_1_144' title='bbox 267 1965 312 2029; x_wconf 86' lang='lat'>4</span> <span class='ocrx_word' id='word_1_145' title='bbox 327 1920 603 1988; x_wconf 87' lang='lat' dir='ltr'><strong>honeste</strong></span> <span class='ocrx_word' id='word_1_146' title='bbox 649 1942 925 2005; x_wconf 83' lang='lat' dir='ltr'><strong>vereque</strong></span> <span class='ocrx_word' id='word_1_147' title='bbox 970 1919 1327 1985; x_wconf 84' lang='lat' dir='ltr'><strong>defendere.</strong></span> 
     </span>
    </p>

    <p class='ocr_par' dir='ltr' id='par_1_8' title="bbox 219 2008 2453 2883">
     <span class='ocr_line' id='line_1_21' title="bbox 219 2008 2453 2121; baseline -0.002 -46"><span class='ocrx_word' id='word_1_148' title='bbox 219 2050 337 2121; x_wconf 81' lang='lat'>(64)</span> <span class='ocrx_word' id='word_1_149' title='bbox 475 2009 688 2086; x_wconf 77' lang='lat' dir='ltr'><strong>Quid?</strong></span> <span class='ocrx_word' id='word_1_150' title='bbox 746 2031 910 2093; x_wconf 86' lang='lat' dir='ltr'><strong>quae</strong></span> <span class='ocrx_word' id='word_1_151' title='bbox 963 2011 1196 2093; x_wconf 88' lang='lat' dir='ltr'><strong>postea</strong></span> <span class='ocrx_word' id='word_1_152' title='bbox 1248 2012 1405 2073; x_wconf 87' lang='lat' dir='ltr'><strong>sunt</strong></span> <span class='ocrx_word' id='word_1_153' title='bbox 1460 2008 1531 2073; x_wconf 91' lang='lat' dir='ltr'><strong>in</strong></span> <span class='ocrx_word' id='word_1_154' title='bbox 1586 2031 1736 2074; x_wconf 93' lang='lat' dir='ltr'><strong>eum</strong></span> <span class='ocrx_word' id='word_1_155' title='bbox 1791 2011 2131 2093; x_wconf 86' lang='lat' dir='ltr'><strong>congesta,</strong></span> <span class='ocrx_word' id='word_1_156' title='bbox 2194 2028 2363 2090; x_wconf 87' lang='lat' dir='ltr'><strong>quae</strong></span> <span class='ocrx_word' id='word_1_157' title='bbox 2394 2019 2453 2060; x_wconf 73' lang='lat'><strong>2⁰</strong></span> 
     </span>
     <span class='ocr_line' id='line_1_22' title="bbox 342 2095 2366 2182; baseline -0.001 -21"><span class='ocrx_word' id='word_1_158' title='bbox 342 2098 633 2182; x_wconf 85' lang='lat' dir='ltr'><strong>quemvis</strong></span> <span class='ocrx_word' id='word_1_159' title='bbox 719 2096 920 2161; x_wconf 88' lang='lat' dir='ltr'><strong>etiam</strong></span> <span class='ocrx_word' id='word_1_160' title='bbox 1002 2096 1427 2163; x_wconf 89' lang='lat' dir='ltr'><strong>mediocrium</strong></span> <span class='ocrx_word' id='word_1_161' title='bbox 1496 2097 1887 2162; x_wconf 88' lang='lat' dir='ltr'><strong>delictorum</strong></span> <span class='ocrx_word' id='word_1_162' title='bbox 1959 2095 2366 2162; x_wconf 88' lang='lat' dir='ltr'><strong>conscientia</strong></span> 
     </span>
     <span class='ocr_line' id='line_1_23' title="bbox 327 2182 2365 2269; baseline -0.001 -20"><span class='ocrx_word' id='word_1_163' title='bbox 327 2185 786 2269; x_wconf 88' lang='lat' dir='ltr'><strong>perculissent,</strong></span> <span class='ocrx_word' id='word_1_164' title='bbox 839 2189 917 2249; x_wconf 93' lang='lat' dir='ltr'><strong>ut</strong></span> <span class='ocrx_word' id='word_1_165' title='bbox 971 2184 1310 2269; x_wconf 88' lang='lat' dir='ltr'><strong>sustinuit,</strong></span> <span class='ocrx_word' id='word_1_166' title='bbox 1366 2184 1431 2250; x_wconf 88' lang='lat' dir='ltr'><strong>di</strong></span> <span class='ocrx_word' id='word_1_167' title='bbox 1476 2184 1909 2250; x_wconf 74' lang='lat' dir='ltr'><strong>immortales!</strong></span> <span class='ocrx_word' id='word_1_168' title='bbox 2002 2182 2365 2249; x_wconf 82' lang='lat' dir='ltr'><strong>Sustinuit!</strong></span> 
     </span>
     <span class='ocr_line' id='line_1_24' title="bbox 328 2272 2357 2357; baseline 0 -21"><span class='ocrx_word' id='word_1_169' title='bbox 328 2272 530 2337; x_wconf 89' lang='lat' dir='ltr'><strong>immo</strong></span> <span class='ocrx_word' id='word_1_170' title='bbox 575 2294 730 2337; x_wconf 83' lang='lat' dir='ltr'><strong>vero</strong></span> <span class='ocrx_word' id='word_1_171' title='bbox 777 2276 853 2337; x_wconf 92' lang='lat' dir='ltr'><strong>ut</strong></span> <span class='ocrx_word' id='word_1_172' title='bbox 901 2273 1294 2357; x_wconf 88' lang='lat' dir='ltr'><strong>contempsit</strong></span> <span class='ocrx_word' id='word_1_173' title='bbox 1340 2294 1415 2338; x_wconf 90' lang='lat' dir='ltr'><strong>ac</strong></span> <span class='ocrx_word' id='word_1_174' title='bbox 1460 2295 1581 2357; x_wconf 92' lang='lat' dir='ltr'><strong>pro</strong></span> <span class='ocrx_word' id='word_1_175' title='bbox 1616 2273 1825 2337; x_wconf 90' lang='lat' dir='ltr'><strong>nihilo</strong></span> <span class='ocrx_word' id='word_1_176' title='bbox 1862 2272 2141 2357; x_wconf 85' lang='lat' dir='ltr'><strong>putavit,</strong></span> <span class='ocrx_word' id='word_1_177' title='bbox 2189 2293 2357 2355; x_wconf 88' lang='lat' dir='ltr'><strong>quae</strong></span> 
     </span>
     <span class='ocr_line' id='line_1_25' title="bbox 328 2360 2359 2446; baseline 0 -22"><span class='ocrx_word' id='word_1_178' title='bbox 328 2381 537 2443; x_wconf 87' lang='lat' dir='ltr'><strong>neque</strong></span> <span class='ocrx_word' id='word_1_179' title='bbox 583 2360 866 2425; x_wconf 86' lang='lat' dir='ltr'><strong>maximo</strong></span> <span class='ocrx_word' id='word_1_180' title='bbox 913 2360 1128 2425; x_wconf 78' lang='lat' dir='ltr'><strong>animo</strong></span> <span class='ocrx_word' id='word_1_181' title='bbox 1174 2382 1414 2426; x_wconf 88' lang='lat' dir='ltr'><strong>nocens</strong></span> <span class='ocrx_word' id='word_1_182' title='bbox 1459 2382 1669 2446; x_wconf 89' lang='lat' dir='ltr'><strong>neque</strong></span> <span class='ocrx_word' id='word_1_183' title='bbox 1716 2361 2025 2426; x_wconf 88' lang='lat' dir='ltr'><strong>innocens</strong></span> <span class='ocrx_word' id='word_1_184' title='bbox 2060 2360 2191 2425; x_wconf 88' lang='lat' dir='ltr'><strong>nisi</strong></span> <span class='ocrx_word' id='word_1_185' title='bbox 2228 2360 2359 2425; x_wconf 85' lang='lat' dir='ltr'><strong>for-</strong></span> 
     </span>
     <span class='ocr_line' id='line_1_26' title="bbox 327 2447 2445 2535; baseline 0.001 -24"><span class='ocrx_word' id='word_1_186' title='bbox 327 2447 625 2512; x_wconf 91' lang='lat' dir='ltr'><strong>tissimus</strong></span> <span class='ocrx_word' id='word_1_187' title='bbox 679 2448 780 2513; x_wconf 82' lang='lat' dir='ltr'><strong>vir</strong></span> <span class='ocrx_word' id='word_1_188' title='bbox 833 2448 1180 2535; x_wconf 86' lang='lat' dir='ltr'><strong>neglegere</strong></span> <span class='ocrx_word' id='word_1_189' title='bbox 1233 2449 1586 2532; x_wconf 88' lang='lat' dir='ltr'><strong>potuisset!</strong></span> <span class='ocrx_word' id='word_1_190' title='bbox 1681 2447 2059 2535; x_wconf 85' lang='lat' dir='ltr'><strong>Scutorum,</strong></span> <span class='ocrx_word' id='word_1_191' title='bbox 2112 2448 2363 2535; x_wconf 88' lang='lat' dir='ltr'><strong>gladio·</strong></span> <span class='ocrx_word' id='word_1_192' title='bbox 2392 2460 2445 2502; x_wconf 75' lang='lat'><strong>²⁶</strong></span> 
     </span>
     <span class='ocr_line' id='line_1_27' title="bbox 328 2534 2365 2621; baseline 0.001 -22"><span class='ocrx_word' id='word_1_193' title='bbox 328 2558 491 2621; x_wconf 86' lang='lat' dir='ltr'><strong>rum,</strong></span> <span class='ocrx_word' id='word_1_194' title='bbox 526 2534 860 2600; x_wconf 88' lang='lat' dir='ltr'><strong>frenorum</strong></span> <span class='ocrx_word' id='word_1_195' title='bbox 896 2537 1309 2621; x_wconf 89' lang='lat' dir='ltr'><strong>pilorumque</strong></span> <span class='ocrx_word' id='word_1_196' title='bbox 1348 2538 1547 2602; x_wconf 91' lang='lat' dir='ltr'><strong>etiam</strong></span> <span class='ocrx_word' id='word_1_197' title='bbox 1583 2537 1936 2602; x_wconf 92' lang='lat' dir='ltr'><strong>multitudo</strong></span> <span class='ocrx_word' id='word_1_198' title='bbox 1966 2536 2365 2621; x_wconf 83' lang='lat' dir='ltr'><strong>deprehendi</strong></span> 
     </span>
     <span class='ocr_line' id='line_1_28' title="bbox 327 2623 2363 2709; baseline 0 -21"><span class='ocrx_word' id='word_1_199' title='bbox 327 2645 522 2707; x_wconf 87' lang='lat' dir='ltr'><strong>posse</strong></span> <span class='ocrx_word' id='word_1_200' title='bbox 597 2623 1037 2709; x_wconf 86' lang='lat' dir='ltr'><strong>indicabatur;</strong></span> <span class='ocrx_word' id='word_1_201' title='bbox 1105 2625 1360 2690; x_wconf 89' lang='lat' dir='ltr'><strong>nullum</strong></span> <span class='ocrx_word' id='word_1_202' title='bbox 1432 2626 1503 2690; x_wconf 90' lang='lat' dir='ltr'><strong>in</strong></span> <span class='ocrx_word' id='word_1_203' title='bbox 1565 2626 1727 2692; x_wconf 90' lang='lat' dir='ltr'><strong>urbe</strong></span> <span class='ocrx_word' id='word_1_204' title='bbox 1790 2626 2033 2709; x_wconf 79' lang='lat' dir='ltr'><strong>vicum,</strong></span> <span class='ocrx_word' id='word_1_205' title='bbox 2104 2626 2363 2690; x_wconf 89' lang='lat' dir='ltr'><strong>nullum</strong></span> 
     </span>
     <span class='ocr_line' id='line_1_29' title="bbox 329 2711 2363 2799; baseline 0.001 -23"><span class='ocrx_word' id='word_1_206' title='bbox 329 2711 749 2798; x_wconf 87' lang='lat' dir='ltr'><strong>angiportum</strong></span> <span class='ocrx_word' id='word_1_207' title='bbox 812 2733 954 2777; x_wconf 72' lang='lat' dir='ltr'><strong>esse</strong></span> <span class='ocrx_word' id='word_1_208' title='bbox 1019 2711 1350 2799; x_wconf 78' lang='lat' dir='ltr'><strong>dicebant,</strong></span> <span class='ocrx_word' id='word_1_209' title='bbox 1412 2713 1484 2777; x_wconf 86' lang='lat' dir='ltr'><strong>in</strong></span> <span class='ocrx_word' id='word_1_210' title='bbox 1548 2735 1676 2797; x_wconf 92' lang='lat' dir='ltr'><strong>quo</strong></span> <span class='ocrx_word' id='word_1_211' title='bbox 1734 2735 1868 2778; x_wconf 90' lang='lat' dir='ltr'><strong>non</strong></span> <span class='ocrx_word' id='word_1_212' title='bbox 1922 2712 2157 2778; x_wconf 85' lang='lat' dir='ltr'><strong>Miloni</strong></span> <span class='ocrx_word' id='word_1_213' title='bbox 2213 2735 2363 2779; x_wconf 84' lang='lat' dir='ltr'><strong>con·</strong></span> 
     </span>
     <span class='ocr_line' id='line_1_30' title="bbox 328 2799 2362 2883; baseline 0.001 -20"><span class='ocrx_word' id='word_1_214' title='bbox 328 2800 524 2865; x_wconf 90' lang='lat' dir='ltr'><strong>ducta</strong></span> <span class='ocrx_word' id='word_1_215' title='bbox 579 2804 754 2864; x_wconf 88' lang='lat' dir='ltr'><strong>esset</strong></span> <span class='ocrx_word' id='word_1_216' title='bbox 807 2800 1065 2883; x_wconf 87' lang='lat' dir='ltr'><strong>domus;</strong></span> <span class='ocrx_word' id='word_1_217' title='bbox 1123 2822 1307 2865; x_wconf 88' lang='lat' dir='ltr'><strong>arma</strong></span> <span class='ocrx_word' id='word_1_218' title='bbox 1358 2802 1430 2867; x_wconf 89' lang='lat' dir='ltr'><strong>in</strong></span> <span class='ocrx_word' id='word_1_219' title='bbox 1483 2801 1709 2866; x_wconf 86' lang='lat' dir='ltr'><strong>villam</strong></span> <span class='ocrx_word' id='word_1_220' title='bbox 1756 2799 2211 2867; x_wconf 80' lang='lat' dir='ltr'><strong>Ocriculanam</strong></span> <span class='ocrx_word' id='word_1_221' title='bbox 2258 2802 2362 2867; x_wconf 90' lang='lat' dir='ltr'><strong>de-</strong></span> 
     </span>
    </p>

    <p class='ocr_par' dir='ltr' id='par_1_9' title="bbox 207 2886 2445 3152">
     <span class='ocr_line' id='line_1_31' title="bbox 207 2886 2445 2975; baseline 0.001 -23"><span class='ocrx_word' id='word_1_222' title='bbox 207 2902 219 2917; x_wconf 85' lang='lat'><strong><em>‘</em></strong></span> <span class='ocrx_word' id='word_1_223' title='bbox 327 2892 516 2953; x_wconf 83' lang='lat' dir='ltr'><strong>vecta</strong></span> <span class='ocrx_word' id='word_1_224' title='bbox 551 2886 791 2972; x_wconf 85' lang='lat' dir='ltr'><strong>Tiberi,</strong></span> <span class='ocrx_word' id='word_1_225' title='bbox 838 2888 1069 2953; x_wconf 89' lang='lat' dir='ltr'><strong>domus</strong></span> <span class='ocrx_word' id='word_1_226' title='bbox 1116 2888 1188 2953; x_wconf 84' lang='lat' dir='ltr'><strong>in</strong></span> <span class='ocrx_word' id='word_1_227' title='bbox 1233 2889 1401 2962; x_wconf 82' lang='lat' dir='ltr'><strong>clivo</strong></span> <span class='ocrx_word' id='word_1_228' title='bbox 1441 2888 1815 2973; x_wconf 81' lang='lat' dir='ltr'><strong>Capitolino</strong></span> <span class='ocrx_word' id='word_1_229' title='bbox 1855 2890 2061 2955; x_wconf 87' lang='lat' dir='ltr'><strong>scutis</strong></span> <span class='ocrx_word' id='word_1_230' title='bbox 2098 2889 2360 2975; x_wconf 85' lang='lat' dir='ltr'><strong>referta,</strong></span> <span class='ocrx_word' id='word_1_231' title='bbox 2390 2903 2445 2943; x_wconf 74' lang='lat'><strong>³⁰</strong></span> 
     </span>
     <span class='ocr_line' id='line_1_32' title="bbox 325 2975 2361 3063; baseline 0.001 -23"><span class='ocrx_word' id='word_1_232' title='bbox 325 2975 520 3059; x_wconf 86' lang='lat' dir='ltr'><strong>plena</strong></span> <span class='ocrx_word' id='word_1_233' title='bbox 566 2976 786 3040; x_wconf 91' lang='lat' dir='ltr'><strong>omnia</strong></span> <span class='ocrx_word' id='word_1_234' title='bbox 830 2976 1284 3042; x_wconf 86' lang='lat' dir='ltr'><strong>malleolorum</strong></span> <span class='ocrx_word' id='word_1_235' title='bbox 1330 2978 1413 3042; x_wconf 89' lang='lat' dir='ltr'><strong>ad</strong></span> <span class='ocrx_word' id='word_1_236' title='bbox 1456 2978 1638 3043; x_wconf 90' lang='lat' dir='ltr'><strong>urbis</strong></span> <span class='ocrx_word' id='word_1_237' title='bbox 1685 2978 1983 3043; x_wconf 89' lang='lat' dir='ltr'><strong>incendia</strong></span> <span class='ocrx_word' id='word_1_238' title='bbox 2027 3000 2361 3063; x_wconf 86' lang='lat' dir='ltr'><strong>compara-</strong></span> 
     </span>
     <span class='ocr_line' id='line_1_33' title="bbox 327 3063 2360 3152; baseline 0.003 -25"><span class='ocrx_word' id='word_1_239' title='bbox 327 3065 564 3147; x_wconf 89' lang='lat' dir='ltr'><strong>torum,</strong></span> <span class='ocrx_word' id='word_1_240' title='bbox 609 3063 770 3129; x_wconf 90' lang='lat' dir='ltr'><strong>haec</strong></span> <span class='ocrx_word' id='word_1_241' title='bbox 814 3086 948 3129; x_wconf 90' lang='lat' dir='ltr'><strong>non</strong></span> <span class='ocrx_word' id='word_1_242' title='bbox 994 3064 1209 3129; x_wconf 88' lang='lat' dir='ltr'><strong>delata</strong></span> <span class='ocrx_word' id='word_1_243' title='bbox 1257 3067 1489 3150; x_wconf 91' lang='lat' dir='ltr'><strong>solum,</strong></span> <span class='ocrx_word' id='word_1_244' title='bbox 1536 3065 1649 3131; x_wconf 88' lang='lat' dir='ltr'><strong>sed</strong></span> <span class='ocrx_word' id='word_1_245' title='bbox 1684 3088 1889 3150; x_wconf 89' lang='lat' dir='ltr'><strong>paene</strong></span> <span class='ocrx_word' id='word_1_246' title='bbox 1928 3067 2192 3152; x_wconf 89' lang='lat' dir='ltr'><strong>credita,</strong></span> <span class='ocrx_word' id='word_1_247' title='bbox 2239 3089 2360 3133; x_wconf 90' lang='lat' dir='ltr'><strong>nec</strong></span> 
     </span>
    </p>

    <p class='ocr_par' dir='ltr' id='par_1_10' title="bbox 240 3151 2436 3592">
     <span class='ocr_line' id='line_1_34' title="bbox 240 3151 2361 3239; baseline 0.004 -27"><span class='ocrx_word' id='word_1_248' title='bbox 240 3160 306 3211; x_wconf 77' lang='lat'><strong>65</strong></span> <span class='ocrx_word' id='word_1_249' title='bbox 329 3155 480 3215; x_wconf 88' lang='lat' dir='ltr'><strong>ante</strong></span> <span class='ocrx_word' id='word_1_250' title='bbox 527 3151 870 3235; x_wconf 90' lang='lat' dir='ltr'><strong>repudiata</strong></span> <span class='ocrx_word' id='word_1_251' title='bbox 914 3156 1069 3217; x_wconf 88' lang='lat' dir='ltr'><strong>sunt</strong></span> <span class='ocrx_word' id='word_1_252' title='bbox 1113 3174 1311 3236; x_wconf 89' lang='lat' dir='ltr'><strong>quam</strong></span> <span class='ocrx_word' id='word_1_253' title='bbox 1358 3154 1671 3238; x_wconf 88' lang='lat' dir='ltr'><strong>quaesita.</strong></span> <span class='ocrx_word' id='word_1_254' title='bbox 1761 3153 2138 3220; x_wconf 91' lang='lat' dir='ltr'><strong>Laudabam</strong></span> <span class='ocrx_word' id='word_1_255' title='bbox 2184 3157 2361 3239; x_wconf 90' lang='lat' dir='ltr'><strong>equi-</strong></span> 
     </span>
     <span class='ocr_line' id='line_1_35' title="bbox 327 3239 2358 3329; baseline 0.003 -27"><span class='ocrx_word' id='word_1_256' title='bbox 327 3239 476 3303; x_wconf 92' lang='lat' dir='ltr'><strong>dem</strong></span> <span class='ocrx_word' id='word_1_257' title='bbox 520 3239 969 3305; x_wconf 87' lang='lat' dir='ltr'><strong>incredibilem</strong></span> <span class='ocrx_word' id='word_1_258' title='bbox 1016 3239 1426 3325; x_wconf 88' lang='lat' dir='ltr'><strong>diligentiam</strong></span> <span class='ocrx_word' id='word_1_259' title='bbox 1473 3240 1588 3308; x_wconf 67' lang='lat' dir='ltr'><strong>Gn„</strong></span> <span class='ocrx_word' id='word_1_260' title='bbox 1628 3241 1919 3327; x_wconf 88' lang='lat' dir='ltr'><strong>Pompei,</strong></span> <span class='ocrx_word' id='word_1_261' title='bbox 1966 3244 2079 3309; x_wconf 88' lang='lat' dir='ltr'><strong>sed</strong></span> <span class='ocrx_word' id='word_1_262' title='bbox 2125 3244 2358 3329; x_wconf 91' lang='lat' dir='ltr'><strong>dicam,</strong></span> 
     </span>
     <span class='ocr_line' id='line_1_36' title="bbox 326 3326 2436 3416; baseline 0.004 -26"><span class='ocrx_word' id='word_1_263' title='bbox 326 3330 403 3390; x_wconf 88' lang='lat' dir='ltr'><strong>ut</strong></span> <span class='ocrx_word' id='word_1_264' title='bbox 441 3327 671 3410; x_wconf 89' lang='lat' dir='ltr'><strong>sentio,</strong></span> <span class='ocrx_word' id='word_1_265' title='bbox 706 3326 968 3392; x_wconf 90' lang='lat' dir='ltr'><strong>iudices.</strong></span> <span class='ocrx_word' id='word_1_266' title='bbox 1033 3326 1250 3393; x_wconf 90' lang='lat' dir='ltr'><strong>Nimis</strong></span> <span class='ocrx_word' id='word_1_267' title='bbox 1289 3330 1500 3393; x_wconf 88' lang='lat' dir='ltr'><strong>multa</strong></span> <span class='ocrx_word' id='word_1_268' title='bbox 1537 3330 1757 3394; x_wconf 88' lang='lat' dir='ltr'><strong>audire</strong></span> <span class='ocrx_word' id='word_1_269' title='bbox 1796 3336 2119 3416; x_wconf 87' lang='lat' dir='ltr'><strong>coguntur</strong></span> <span class='ocrx_word' id='word_1_270' title='bbox 2145 3354 2357 3416; x_wconf 89' lang='lat' dir='ltr'><strong>neque</strong></span> <span class='ocrx_word' id='word_1_271' title='bbox 2384 3345 2436 3387; x_wconf 76' lang='lat'><strong>³⁵</strong></span> 
     </span>
     <span class='ocr_line' id='line_1_37' title="bbox 329 3411 2357 3499; baseline 0.005 -24"><span class='ocrx_word' id='word_1_272' title='bbox 329 3411 521 3477; x_wconf 88' lang='lat' dir='ltr'><strong>aliter</strong></span> <span class='ocrx_word' id='word_1_273' title='bbox 564 3412 778 3478; x_wconf 87' lang='lat' dir='ltr'><strong>facere</strong></span> <span class='ocrx_word' id='word_1_274' title='bbox 814 3417 1092 3498; x_wconf 88' lang='lat' dir='ltr'><strong>possunt</strong></span> <span class='ocrx_word' id='word_1_275' title='bbox 1127 3415 1195 3499; x_wconf 90' lang='lat' dir='ltr'><strong>ii,</strong></span> <span class='ocrx_word' id='word_1_276' title='bbox 1233 3417 1471 3499; x_wconf 91' lang='lat' dir='ltr'><strong>quibus</strong></span> <span class='ocrx_word' id='word_1_277' title='bbox 1518 3420 1662 3482; x_wconf 90' lang='lat' dir='ltr'><strong>tota</strong></span> <span class='ocrx_word' id='word_1_278' title='bbox 1708 3420 2057 3485; x_wconf 89' lang='lat' dir='ltr'><strong>commissa</strong></span> <span class='ocrx_word' id='word_1_279' title='bbox 2102 3425 2204 3485; x_wconf 88' lang='lat' dir='ltr'><strong>est</strong></span> <span class='ocrx_word' id='word_1_280' title='bbox 2251 3442 2357 3486; x_wconf 87' lang='lat' dir='ltr'><strong>res</strong></span> 
     </span>
     <span class='ocr_line' id='line_1_38' title="bbox 327 3498 2357 3592; baseline 0.006 -32"><span class='ocrx_word' id='word_1_281' title='bbox 327 3498 591 3581; x_wconf 86' lang='lat' dir='ltr'><strong>publica</strong></span> <span class='ocrx_word' id='word_1_282' title='bbox 715 3500 890 3572; x_wconf 83' lang='lat' dir='ltr'><strong>Quin</strong></span> <span class='ocrx_word' id='word_1_283' title='bbox 961 3502 1162 3567; x_wconf 89' lang='lat' dir='ltr'><strong>etiam</strong></span> <span class='ocrx_word' id='word_1_284' title='bbox 1215 3502 1345 3567; x_wconf 83' lang='lat' dir='ltr'><strong>fuit</strong></span> <span class='ocrx_word' id='word_1_285' title='bbox 1408 3504 1762 3570; x_wconf 90' lang='lat' dir='ltr'><strong>audiendus</strong></span> <span class='ocrx_word' id='word_1_286' title='bbox 1824 3529 2001 3592; x_wconf 91' lang='lat' dir='ltr'><strong>popa</strong></span> <span class='ocrx_word' id='word_1_287' title='bbox 2062 3506 2357 3573; x_wconf 82' lang='lat' dir='ltr'><strong>Licinius</strong></span> 
     </span>
    </p>
   </div>
  </div>
 </body>
</html>
