2550 3875
783 186 792 192 ’
901 198 1055 252 cAP.
1095 203 1235 253 7-—9
1271 203 1303 264 ς
1342 203 1565 252 15-21.
2143 198 2268 263 381

239 361 505 448 proprie
551 382 767 426 meum
815 364 944 443 est,
997 357 1311 442 laudasti,
1360 358 1533 442 quod
1578 363 1796 425 totum
1842 364 1944 425 est
1990 356 2273 446 senatus,

241 448 735 534 reprehendisti.
773 446 948 513 Nam
970 447 1469 532 comprehensio
1492 447 1781 514 sontium
1800 469 1963 533 mea,
1991 448 2273 513 animad-

240 538 456 604 versio
496 540 762 603 senatus
797 535 944 601 fuit.
999 535 1217 601 Homo
1255 534 1539 600 disertus
1574 557 1709 601 non
1743 535 2072 623 intellegit
2106 559 2272 621 eum,

245 647 440 711 quem
485 630 717 691 contra
762 624 940 709 dicit,
983 623 1236 689 laudari
1284 645 1323 688 a
1369 645 1456 708 se,
1503 645 1633 709 eos,
1679 624 1851 708 apud
1894 647 2056 710 quos
2094 625 2274 710 dicit,

186 731 216 772 ⁵
245 714 622 799 vituperari.
725 712 870 778 Iam
923 712 1087 777 illud
1151 710 1335 777 cuius
1401 716 1502 777 est
1562 734 1694 777 non
1760 712 1902 779 dico
1967 713 2271 779 audaciae
2296 717 2359 765 19

244 801 456 888 (cupit
493 801 666 868 enim
706 823 774 866 se
813 797 1169 886 audacem),
1215 801 1346 885 sed,
1394 800 1567 884 quod
1602 800 1871 867 minime
1908 803 2068 887 vult,
2113 802 2274 867 stul·

243 891 463 976 titiae‚
519 912 648 975 qua
700 889 906 955 vincit
961 889 1200 975 omnis,
1255 888 1407 954 clivi
1463 886 1819 973 Capitolini
1872 890 2273 956 mentionem

243 979 489 1064 facere,
547 1000 696 1044 cum
747 978 920 1043 inter
975 977 1289 1043 subsellia
1339 980 1572 1043 nostra
1624 981 1963 1043 versentur
2018 979 2271 1064 armati,

245 1089 398 1134 cum
451 1067 523 1132 in
572 1066 701 1132 hac
751 1067 915 1132 cella
960 1064 1376 1150 Concordiae,
1423 1065 1489 1130 di
1533 1065 1971 1131 immortales!
2026 1065 2099 1132 in
2142 1087 2273 1151 qua

57 1248 66 1254 ·
162 1175 221 1216 ιο
247 1178 354 1221 me
410 1154 673 1221 consule
726 1155 1048 1220 salutares
1104 1154 1466 1220 sententiae
1522 1153 1735 1219 dictae
1792 1157 1971 1239 sunt,
2036 1154 2271 1238 quibus

246 1245 330 1309 ad
375 1243 542 1310 hanc
588 1243 760 1308 diem
804 1243 1102 1327 viximus,
1149 1265 1298 1308 cum
1334 1241 1571 1328 gladiis
1607 1242 1907 1307 homines
1946 1242 2272 1307 conlocati

247 1332 471 1398 stent?
560 1331 817 1397 Accusa
872 1335 1198 1414 senatum,
1253 1352 1488 1396 accusa
1541 1335 1910 1415 equestrem
1960 1330 2272 1415 ordinem,

247 1421 363 1506 qui
427 1424 571 1486 tum
630 1442 778 1486 cum
843 1424 1074 1485 senatu
1138 1420 1483 1504 copulatus
1546 1417 1700 1503 fuit,
1765 1440 1998 1484 accusa
2059 1419 2271 1484 omnis

245 1509 536 1594 ordines,
600 1508 812 1574 omnis
869 1508 1068 1591 cives,
1135 1508 1290 1572 dum
1345 1507 1695 1572 confiteare
1748 1507 1923 1572 hunc
1980 1506 2272 1572 ordinem

164 1615 218 1658 1⁵
245 1597 375 1663 hoc
416 1596 564 1682 ipso
610 1601 904 1680 tempore
952 1597 1034 1661 ab
1081 1595 1361 1680 Ityraeis
1409 1595 1880 1660 circumsederi.
1970 1593 2151 1660 Haec
2196 1598 2271 1659 tu

244 1708 382 1751 non
424 1689 695 1770 propter
740 1685 1076 1750 audaciam
1121 1684 1283 1749 dicis
1332 1687 1469 1748 tam
1513 1683 1927 1767 inpudenter,
1973 1684 2114 1761 sed,
2161 1683 2271 1767 qui

247 1779 504 1840 tantam
539 1796 757 1839 rerum
794 1772 1295 1859 repugnantiam
1330 1793 1464 1837 non
1498 1772 1738 1856 videas,
1772 1771 1942 1836 nihil
1973 1769 2270 1855 profecto

248 1863 445 1949 sapis.
518 1862 689 1940 Quid
735 1866 836 1927 est
873 1862 1046 1926 enim
1085 1859 1449 1926 dementius
1488 1881 1701 1945 quam,
1748 1880 1894 1924 cum
1931 1860 2027 1924 rei
2062 1859 2273 1945 publi-

248 1974 362 2018 cae
407 1952 774 2037 perniciosa
820 1973 1002 2017 arma
1046 1950 1186 2034 ipse
1233 1950 1509 2034 ceperis,
1565 1948 1823 2014 obicere
1871 1948 2060 2013 alteri
2106 1949 2272 2013 salu-

163 2063 221 2103 20
248 2040 465 2106 taria?
555 2039 650 2104 At
704 2040 905 2105 etiam
960 2039 1238 2124 quodam
1294 2039 1439 2103 loco
1494 2036 1744 2102 facetus
1796 2058 1935 2101 esse
1982 2036 2268 2102 voluisti.
2289 2041 2357 2117 29

250 2130 464 2206 Quam
517 2128 586 2193 id
639 2132 733 2207 te,
789 2128 855 2193 di
900 2127 1085 2211 boni,
1137 2148 1272 2191 non
1318 2125 1614 2191 decebat!
1706 2124 1787 2189 In
1833 2147 1961 2209 quo
2009 2128 2111 2190 est
2157 2129 2274 2189 tua

249 2218 443 2301 culpa
495 2237 629 2282 non
680 2215 878 2281 nulla.
969 2214 1240 2299 Aliquid
1296 2214 1470 2279 enim
1525 2213 1681 2279 salis
1738 2235 1777 2278 a
1827 2213 2029 2278 mima
2071 2235 2272 2278 uxore

249 2306 510 2370 trahere
587 2304 881 2389 potuisti.
991 2301 1321 2370 ‘Cedant
1392 2324 1606 2367 arma
1669 2300 1943 2387 togae?
2058 2301 2272 2378 Quid?

249 2398 395 2459 tum
447 2415 662 2458 nonne
718 2391 1095 2459 cesserunt?
1193 2390 1289 2456 At
1341 2395 1574 2475 postea
1627 2390 1761 2454 tuis
1818 2390 2017 2455 armis
2075 2390 2273 2455 cessit

165 2505 222 2547 25
252 2487 427 2569 toga.
502 2481 899 2557 Quaeramus
936 2480 1159 2566 igitur,
1193 2484 1419 2544 utrum
1456 2478 1687 2544 melius
1724 2478 1943 2557 fuerit,
1978 2478 2274 2543 libertati

249 2569 479 2655 populi
536 2569 817 2635 Romani
872 2569 1339 2635 sceleratorum
1384 2588 1568 2632 arma
1614 2588 1698 2631 an
1740 2566 2118 2632 libertatem
2161 2589 2275 2631 no-

253 2663 461 2724 stram
516 2658 715 2723 armis
770 2656 903 2722 tuis
961 2657 1203 2721 cedere.
1294 2654 1435 2721 Nec
1479 2676 1633 2720 vero
1680 2654 1807 2719 tibi
1852 2654 1930 2719 de
1975 2654 2272 2719 versibus

249 2748 443 2832 plura
495 2745 928 2831 respondeb03
990 2748 1249 2809 tantum
1304 2744 1516 2809 dicam
1570 2742 1883 2825 breviter,
1942 2745 2009 2806 te
2061 2763 2273 2824 neque

251 2836 403 2900 illos
456 2834 666 2925 neque
721 2834 888 2899 ullas
947 2833 1210 2899 omnino
1265 2833 1524 2897 litteras
1578 2850 1802 2914 nosse,
1856 2850 1959 2893 me
2012 2850 2133 2894 nec
2178 2829 2276 2893 rei

168 2948 227 2989 so
250 2922 552 3009 publicae
595 2944 716 2988 nec
761 2922 988 2987 amicis
1035 2942 1349 3005 umquam
1394 2919 1677 2985 defuisse
1723 2920 1791 2982 et
1836 2921 2059 2981 tamen
2096 2917 2275 2981 omni

253 3033 488 3099 genere
552 3011 1104 3076 monimentorum
1167 3031 1462 3074 meorum
1523 3005 1900 3091 perfecisse,
1962 3008 2040 3068 ut
2094 3026 2275 3069 meae

251 3100 518 3185 vigiliae
566 3121 875 3183 meaeque
920 3098 1189 3177 litterae*
1228 3101 1296 3162 et
1340 3094 1665 3162 iuventuti
1710 3092 2021 3157 utilitatis
2064 3096 2133 3157 et
2166 3113 2277 3158 no-

253 3189 418 3253 mini
453 3186 750 3253 Romano
795 3186 1008 3251 laudis
1056 3184 1303 3269 aliquid
1350 3184 1696 3250 adferrent.
1772 3178 1899 3245 Sed
1942 3179 2102 3246 haec
2144 3202 2280 3246 non

251 3276 450 3343 huius
496 3275 841 3361 temporis;
887 3275 1138 3339 maiora
1181 3273 1533 3338 videamus.
2298 3314 2338 3377 9

172 3381 227 3423 ⁸⁵
388 3363 460 3429 P.
506 3362 809 3430 Clodium
863 3384 1008 3427 meo
1065 3361 1337 3427 consilio
1384 3358 1804 3425 interfectum
1849 3378 1991 3423 esse
2036 3354 2278 3421 dixisti.
2299 3403 2364 3451 21

257 3452 582 3529 Quidnam
626 3452 924 3518 homines
959 3453 1288 3535 putarent,
1334 3450 1392 3514 si
1428 3453 1571 3513 tum
1608 3447 1859 3513 occisus
1896 3449 2087 3528 esset,
2132 3467 2281 3510 cum

257 3546 331 3605 tu
377 3540 566 3605 illum
610 3540 680 3606 in
724 3540 870 3605 foro
917 3541 1254 3622 spectante
1300 3537 1543 3622 populo
1580 3536 1878 3601 Romano
1925 3533 2143 3620 gladio
2189 3532 2283 3597 in-
