2550 3875
815 165 968 220 CAP.
1010 171 1148 220 1—3
1186 172 1218 232 s
1259 172 1415 222 1—8.
2002 169 2130 234 55¹2

97 329 450 394 dilectibus
484 327 824 411 habendis,
859 328 1152 410 pecuniis
1183 329 1653 416 comparandis,
1693 334 1958 396 senatus
1989 353 2134 396 con-

97 417 293 482 sultis
339 416 650 482 faciendis
698 416 1105 500 gravissimis
1141 417 1211 480 in
1247 417 1629 501 Antonium,
1674 419 1870 484 nobis
1908 419 2133 484 cohor-

93 505 337 589 tandis,
382 503 625 588 populo
663 503 960 568 Romano
985 505 1089 568 ·ad
1135 526 1399 569 causam
1446 505 1774 571 libertatis
1820 509 2131 591 vocand0,

92 593 230 658 nisi
283 596 360 657 ut
412 590 492 655 D.
546 591 793 656 Brutus
847 592 1281 657 liberaretur?
1371 591 1431 657 A
1488 615 1615 677 quo
1670 595 1951 678 populus
2003 595 2130 660 Ro-

95 702 332 745 manus
378 679 684 763 frequens
729 680 826 744 ita
872 679 1151 745 salutem
1197 679 1277 744 D.
1324 680 1516 745 Bruti
1560 702 1692 746 una
1734 704 1891 747 voce
1939 684 2129 766 depo-

91 768 342 854 poscit,
394 772 472 832 ut
515 790 661 833 eam
703 789 838 832 non
883 767 1097 833 solum
1144 769 1501 833 commodis
1549 769 1712 852 suis,
1770 771 1881 835 sed
1928 773 2127 836 etiam

89 856 480 922 necessitati
515 856 728 921 victus
766 856 1135 921 anteferret.
1200 856 1388 932 Quod
1426 878 1685 940 sperare
1713 879 1834 922 nos
1864 860 2127 941 quidem

92 945 436 1029 debemus,
498 948 720 1027 patres
785 944 1165 1028 conscripti,
1229 949 1345 1008 aut
1407 944 1571 1009 inibi
1629 965 1769 1010 esse
1827 949 1941 1010 aut
1994 947 2127 1012 iam

94 1054 242 1098 esse
315 1031 712 1116 confectum3
785 1032 896 1096 sed
969 1033 1110 1116 spei
1180 1031 1470 1097 fructum
1532 1031 1627 1097 rei
1692 1034 1995 1098 convenit
2060 1040 2127 1100 et

61 1124 331 1186 »evento
398 1120 742 1203 reservari,
803 1141 887 1184 ne
943 1124 1058 1184 aut
1112 1120 1381 1184 deorum
1434 1120 1884 1186 inmortalium
1939 1122 2127 1187 bene-

91 1210 319 1274 ficium
364 1208 784 1273 festinatione
820 1207 1256 1292 praeripuisse
1306 1212 1420 1272 aut
1456 1207 1590 1274 vim
1625 1208 1927 1274 fortunae
1968 1211 2127 1275 stul-

93 1298 252 1362 titia
299 1297 766 1380 contempsisse
811 1296 1162 1360 videamur.

233 1384 360 1450 Sed
395 1385 705 1468 quoniam
741 1384 1136 1469 significatio
1173 1387 1395 1448 vestra
1431 1386 1593 1449 satis
1623 1385 1928 1470 declarat,
1967 1387 2122 1470 quid
2142 1407 2173 1455 6

90 1475 220 1539 hac
276 1473 354 1537 de
399 1494 471 1537 re
517 1472 819 1538 sentiatis
829 1523 848 1557 ,
901 1473 982 1536 ad
1027 1472 1285 1536 litteras
1331 1473 1616 1556 veniam,
1671 1494 1835 1556 quae
1882 1477 2038 1540 sunt
2084 1497 2123 1539 a
2259 1482 2262 1487 '

93 1561 477 1627 consulibus
545 1565 613 1625 et
675 1582 724 1646 a
766 1564 1189 1644 propraetore
1245 1560 1511 1644 missae,
1576 1561 1633 1624 si
1687 1583 1896 1644 pauca
1954 1565 2123 1646 ante,

91 1671 263 1734 quae
341 1649 421 1712 ad
492 1649 670 1732 ipsas
733 1648 989 1712 litteras
1053 1649 1451 1732 pertineant,
1525 1648 1763 1713 dixero.
1871 1648 2121 1715 Imbuti
2141 1659 2181 1722 3

89 1737 298 1824 gladii
345 1740 516 1820 sunt,
559 1740 781 1819 patres
821 1736 1190 1820 conscripti,
1225 1735 1559 1820 legionum
1593 1736 2121 1821 exercituumque

86 1829 472 1891 nostrorum
525 1825 627 1888 vel
684 1823 1032 1888 madefacti
1086 1824 1308 1907 potius
1356 1824 1607 1888 duobus
1654 1823 1929 1889 duorum
1976 1847 2121 1890 con-

87 1915 340 1997 sulum,
394 1912 592 1977 tertio
642 1910 939 1979 Caesaris
994 1912 1262 1997 proelio.
1356 1909 1427 1977 Si
1481 1911 1773 1977 hostium
1826 1911 1956 1979 fuit
2010 1913 2121 1979 ille

86 2002 389 2087 sanguiS,
454 2022 710 2065 summa
761 2001 1046 2064 militum
1101 2002 1340 2084 pietas,
1393 1998 1717 2065 nefarium
1770 2002 1980 2067 scelus
1990 2052 2009 2086 ,
2064 2003 2120 2066 si

85 2092 352 2158 civium.
434 2087 785 2173 Quousque
828 2089 1037 2173 igitur
1081 2089 1158 2173 is,
1203 2088 1318 2172 qui
1356 2109 1579 2153 omnes
1616 2088 1841 2153 hostes
1878 2091 2119 2155 scelere

85 2178 446 2263 superavit,
489 2178 750 2242 nomine
787 2176 1002 2241 hostis
1041 2177 1335 2242 carebit?
1370 2176 1500 2241 nisi
1536 2198 1879 2243 mucrones
1916 2178 2118 2242 etiam

83 2270 472 2332 nostrorum
526 2266 813 2329 militum
868 2269 1146 2329 tremere
1206 2263 1408 2328 vultis
1454 2265 1844 2349 dubitantis,
1898 2269 2121 2331 utrum

84 2357 161 2419 in
221 2353 359 2417 cive
415 2374 499 2416 an
555 2353 626 2415 in
668 2353 860 2417 hoste
905 2353 1210 2437 figantur.
1303 2351 1864 2436 Supplicationem
1908 2354 2121 2420 decer·
2142 2375 2172 2424 ’τ

83 2441 273 2518 uitis,
317 2440 578 2504 hostem
621 2461 756 2504 non
801 2440 1166 2523 appellatis.
1245 2436 1489 2505 Gratae
1526 2463 1678 2506 vero
1715 2445 1980 2506 nostrae
2016 2442 2118 2507 dis

83 2528 579 2597 immortalibus
653 2528 1126 2612 gratulationes
1200 2532 1420 2612 erunt,
1492 2533 1719 2613 gratae
1796 2529 2119 2614 victimae,

87 2638 244 2684 cum
299 2615 644 2680 interfecta
699 2613 787 2678 sit
833 2615 1072 2679 civium
1117 2616 1496 2680 multitudo!
1590 2615 1712 2681 ‘De
1756 2615 2120 2701 improbis',

66 2704 337 2789 inquit,
394 2703 484 2768 ‘et
540 2701 931 2767 audacibus?
1026 2701 1201 2767 Nam
1256 2704 1350 2769 sic
1406 2725 1517 2768 eos
1568 2705 1856 2787 appellat
1903 2705 2119 2769 claris-

89 2796 299 2860 simus
337 2792 464 2875 vir3
499 2813 666 2875 quae
703 2794 859 2855 sunt
893 2791 1291 2855 urbanarum
1326 2791 1673 2857 maledicta
1707 2792 1944 2875 litium,
1986 2814 2119 2859 non

87 2884 351 2947 inustae
415 2880 572 2944 belli
635 2879 1018 2943 internecivi
1077 2882 1288 2943 notae.
1399 2879 1846 2963 Testamenta,
1909 2880 2120 2964 cred0,

89 2968 427 3036 subiciunt
463 2971 579 3031 aut
615 2967 859 3031 eiciunt
885 2966 1132 3032 vicinos
1163 2972 1276 3031 aut
1306 2966 1823 3032 adulescentulos
1852 2967 2120 3032 circum-

91 3057 420 3141 scribunt3
493 3055 596 3121 his
669 3054 843 3119 enim
905 3054 1084 3119 vitiis
1140 3054 1430 3120 adfectos
1484 3059 1554 3120 et
1608 3054 1851 3119 talibus
1896 3056 2117 3121 malos

88 3151 208 3212 aut
259 3144 533 3209 audaces
589 3143 915 3227 appellare
971 3144 1370 3208 consuetudo
1432 3142 1618 3207 solet,
1708 3142 1968 3208 Bellum
2023 3144 2116 3207 in-
2137 3164 2169 3213 8

91 3232 418 3319 expiabile
462 3230 661 3296 infert
700 3235 1013 3315 quattuor
1056 3232 1432 3296 consulibus
1478 3252 1645 3295 unus
1694 3230 1985 3296 omnium
2029 3232 2119 3296 la·

90 3330 360 3387 tronum
422 3318 864 3403 taeterrimus,
927 3320 1100 3404 gerit
1153 3320 1327 3384 idem
1381 3318 1628 3382 bellum
1684 3340 1831 3384 cum
1887 3324 2118 3384 senatu

89 3408 464 3495 populoque
527 3407 850 3491 Romano,
923 3406 1224 3472 omnibus
1292 3405 1717 3491 (quamquam
1780 3407 1915 3473 ruit
1976 3407 2117 3491 ipse

90 3498 231 3562 suis
271 3493 589 3580 cladibus)
623 3499 894 3581 pestem,
937 3496 1334 3577 vastitatem,
1373 3495 1750 3575 cruciatum,
1787 3499 2111 3561 tormenta
