2550 3875
323 120 455 184 370
597 119 678 174 IN
714 118 790 174 M.
828 115 1218 172 ANTONIUM
1255 114 1525 171 ORATIO
1562 113 1972 170 PHILIPPICA
2009 113 2037 166 I

229 286 241 302 ‘
324 303 538 347 meam
605 282 830 364 [quam
891 278 961 344 in
1025 300 1093 343 re
1148 278 1413 362 publica
1462 298 1718 360 semper
1770 275 2009 357 habui]
2069 278 2367 357 tenuero,

323 371 392 434 id
447 372 550 434 est
604 368 662 432 si
706 367 937 452 libere,
993 388 1156 451 quae
1204 366 1485 430 sentiam
1531 364 1609 429 de
1655 385 1725 437 re
1770 363 2061 448 publica,
2115 363 2369 445 dixere,

324 456 612 542 primum
666 455 1000 540 deprecor,
1063 477 1145 520 ne
1199 454 1549 538 irascatur,
1613 453 1870 538 demde,
1934 452 1992 516 si
2044 451 2173 517 hoc
2223 471 2366 515 ιιοιι

324 546 628 646 impetro,
670 547 846 640 peto,
889 547 966 607 ut
1011 543 1106 608 sic
1149 543 1473 608 irascatur
1508 545 1585 606 ut
1622 541 1765 606 civi.
1849 539 2075 606 Armis
2110 543 2364 622 utatur,

328 634 388 698 si
438 634 536 698 ita
579 653 842 697 necesse
889 635 1017 716 est,
1062 635 1139 695 ut
1184 631 1361 715 dicit,
1410 630 1511 696 sui
1556 629 1941 694 defendendi
1987 649 2212 713 causa3
2256 626 2365 710 iis,
2425 650 2458 692 ε

328 721 441 806 qui
477 743 596 805 pro
633 742 703 785 re
739 720 1020 805 publica,
1067 741 1232 804 quae
1267 719 1432 804 ipsis
1468 719 1609 783 visa
1646 721 1855 802 erunt,
1892 717 2192 800 dixerint,
2228 715 2368 780 ista

328 831 510 874 arma
561 831 642 874 ne
697 813 991 874 noceant.
1083 807 1255 883 Quid
1305 807 1429 872 hac
1474 807 1917 891 postulatione
1965 805 2092 870 dici
2137 807 2369 888 potest

238 918 308 967 28
329 898 643 982 aequius?
701 897 967 981 Quodsi,
994 901 1071 960 ut
1099 896 1262 961 mihi
1292 919 1332 960 a
1356 896 1745 981 quibusdam
1765 894 1904 959 eius
1922 892 2367 958 familiaribus

328 986 576 1052 dictum
605 989 725 1070 est,
753 985 964 1050 omnis
995 1007 1161 1069 eum,
1190 1006 1356 1068 quae
1383 984 1665 1048 habetur
1694 986 1923 1049 contra
1949 982 2369 1047 voluntatem

327 1075 485 1157 eius,
532 1073 742 1139 oratio
789 1072 1078 1158 graviter
1125 1072 1412 1156 offendit,
1459 1071 1720 1136 etiamsi
1763 1072 1946 1136 nulla
1990 1070 2163 1135 inest
2210 1091 2365 1135 con·
2398 1090 2455 1130 ιο

328 1163 626 1246 tumelia,
688 1161 972 1226 feremus
1027 1161 1221 1226 amici
1275 1165 1595 1225 naturam.
1698 1157 1825 1224 Sed
1879 1158 2052 1223 idem
2105 1157 2207 1222 illi
2260 1157 2371 1222 ita

327 1273 581 1316 mecum
634 1251 966 1315 locuntur.
1022 1247 1200 1314 Non
1243 1248 1416 1313 idem
1463 1248 1590 1313 tibi
1636 1248 2005 1313 adversario
2054 1245 2369 1313 Caesaris

327 1339 554 1404 licebit
583 1337 756 1422 quod
782 1336 1012 1402 Pisoni
1040 1336 1310 1421 socero',
1337 1341 1406 1401 et
1435 1336 1630 1401 simul
1661 1336 2013 1400 admonent
2032 1335 2371 1420 quiddam,

332 1428 506 1511 quod
569 1425 966 1490 cavebimus·
1029 1423 1190 1490 Nec
1257 1425 1384 1490 erit
1446 1425 1682 1489 iustior
1737 1425 1807 1488 in
1872 1427 2171 1488 senatum
2228 1444 2374 1488 non

330 1514 628 1579 veniendi
687 1513 901 1578 morbi
965 1535 1162 1578 causa
1226 1535 1421 1597 quam
1477 1511 1751 1578 mortis?
1812 1510 1981 1577 Sed
2034 1533 2153 1596 per
2206 1511 2368 1576 deos
2400 1532 2455 1572 ιε

330 1601 750 1667 immortalis!
816 1639 900 1648 —
965 1606 1033 1666 te
1093 1601 1268 1666 enim
1330 1602 1617 1685 intuens,
1666 1600 2052 1684 Dolabella,
2116 1599 2231 1683 qui
2294 1621 2371 1664 es

333 1690 496 1754 mihi
528 1689 924 1773 carissimus,
951 1711 1084 1754 non
1110 1711 1381 1773 possum
1398 1689 1740 1773 utriusque
1759 1693 2052 1754 vestrum
2073 1709 2371 1752 errorem

331 1778 620 1843 reticere.
735 1777 942 1843 Credo
1012 1778 1185 1843 enim
1252 1799 1371 1843 vos
1436 1777 1691 1842 nobiles
1757 1776 2057 1842 homines
2121 1797 2370 1862 magna

334 1867 649 1952 quaedam
705 1867 1062 1951 spectantis
1116 1888 1249 1930 non
1300 1866 1671 1950 pecuniam,
1725 1869 1801 1929 ut
1856 1865 2120 1950 quidam
2164 1865 2369 1929 nimis

333 1956 578 2021 creduli
623 1955 1063 2039 suspicantur,
1111 1976 1274 2039 quae
1323 1976 1577 2039 semper
1624 1955 1705 2019 ab
1754 1954 2159 2038 amplissimo
2210 1976 2368 2039 quo·
2396 1976 2453 2015 ιο

333 2065 458 2127 que
515 2043 1002 2126 clarissimoque
1059 2046 1436 2127 contempta
1488 2046 1617 2126 est,
1660 2065 1795 2108 non
1840 2064 1995 2126 opes
2040 2042 2369 2107 violentas

333 2136 400 2195 et
453 2132 696 2215 populo
743 2130 1040 2195 Romano
1095 2131 1363 2196 minime
1418 2130 1752 2196 ferendam
1797 2131 2194 2215 potentiam,
2254 2131 2369 2195 sed

335 2218 678 2283 caritatem
724 2219 963 2283 civium
1009 2223 1077 2283 et
1114 2220 1395 2303 gloriam
1432 2220 1895 2304 concupivisse.
1977 2218 2103 2284 Est
2141 2223 2369 2284 autem

335 2306 547 2391 gloria
628 2307 769 2370 laus
842 2311 1018 2372 recte
1089 2306 1417 2372 factorum
1489 2328 2005 2409 magnorumque
2078 2307 2150 2371 in
2222 2330 2365 2372 rem

332 2393 665 2478 publicam
709 2396 1110 2479 meritorum,
1157 2417 1321 2480 quae
1370 2418 1516 2460 cum
1564 2395 1798 2479 optimi
1843 2396 2171 2479 cuiusque,
2220 2399 2363 2460 tum
2394 2416 2448 2456 2⁵

243 2494 315 2543 30
337 2482 537 2545 etiam
574 2482 1016 2547 multitudinis
1053 2483 1435 2549 testimonio
1476 2485 1958 2567 comprobatur.
2042 2482 2367 2568 Dicerem,

333 2568 702 2655 Dolabella,
769 2572 882 2655 qui
944 2575 1118 2636 recte
1173 2570 1500 2636 factorum
1554 2572 1806 2637 fructus
1861 2576 2061 2657 esset,
2114 2572 2247 2637 nisi
2298 2576 2365 2636 te

331 2661 593 2744 praeter
621 2662 872 2724 ceteros
899 2660 1233 2743 paulisper
1260 2680 1402 2724 esse
1424 2664 1764 2744 expertum
1782 2660 2085 2725 viderem.
2154 2660 2364 2737 Quem

330 2752 522 2831 potes
577 2746 902 2812 recordari
947 2748 1018 2811 ιιι
1061 2748 1201 2812 vita
1244 2748 1557 2813 inluxisse
1614 2748 1740 2812 tibi
1786 2748 1959 2836 diem
2003 2749 2365 2832 laetiorem,

335 2856 532 2919 quam
579 2856 727 2900 cum
769 2836 1030 2920 expiato
1067 2834 1230 2920 foro,
1277 2836 1595 2920 dissipato
1636 2857 1955 2902 concursu
1992 2837 2363 2921 impiorum,
2391 2858 2446 2897 so

331 2924 736 3007 principibus
793 2923 1056 2989 sceleris
1102 2946 1313 3008 poena
1358 2924 1631 2990 adfectis
1698 2926 1903 3009 [,urbe
1947 2925 2248 2991 incendio
2297 2930 2365 2990 et

335 3012 549 3075 caedis
621 3015 801 3075 metu
864 3012 1170 3094 liberata]
1239 3017 1306 3077 te
1371 3014 1636 3077 domum
1700 3013 2050 3097 recepisti?
2162 3012 2364 3079 Cuius

334 3099 607 3183 ordiniS,
663 3100 844 3164 cuius
901 3101 1187 3185 generis,
1244 3101 1427 3166 cuius
1474 3101 1749 3186 denique
1795 3101 2097 3167 fortunae
2146 3102 2367 3167 studia

333 3191 477 3251 tum
539 3188 718 3251 laudi
781 3190 849 3251 et
913 3189 1345 3273 gratulationi
1406 3193 1558 3255 tuae
1615 3212 1683 3254 se
1746 3213 1881 3256 non
1935 3190 2365 3275 optulerunt?

335 3274 507 3349 Quin
571 3274 735 3338 mihi
800 3274 1027 3359 etiam,
1098 3297 1226 3359 quo
1288 3282 1551 3342 auctore
1606 3282 1674 3343 te
1727 3279 1799 3343 ιιι
1850 3278 1955 3343 his
2012 3279 2207 3344 rebus
2264 3279 2363 3344 uti
2389 3298 2439 3339 aa

335 3362 853 3445 arbitrabantur,
917 3367 984 3426 et
1047 3364 1297 3448 gratias
1362 3365 1518 3430 boni
1580 3366 1704 3431 viri
1770 3368 2055 3453 agebant
2119 3370 2188 3432 et
2248 3371 2365 3433 tuo

333 3449 598 3512 nominc
643 3450 1160 3534 gratulabantur.
1251 3450 1645 3538 Recordare,
1696 3476 1955 3539 quaesO,
2000 3453 2369 3531 Dolabella,

229 1481 310 1544 12

240 1571 350 1618 29.
