2550 3875
861 181 1015 238 CAP.
1051 191 1263 240 27—29
1303 190 1334 251 ς,
1371 190 1601 240 65-70.
2113 184 2240 248 189

212 343 445 428 generi
493 365 634 409 esse
681 366 803 430 ego
848 345 1075 430 iratus,
1120 368 1201 411 ne
1241 346 1299 411 si
1337 347 1595 431 cupiam
1632 346 1912 430 quidem,
1955 365 2242 429 possum.

211 432 344 496 Est
392 432 655 517 quidam
707 431 1018 519 Graecus,
1065 435 1178 518 qui
1224 457 1372 500 cum
1417 435 1549 500 isto
1594 434 1785 519 vivit,
1829 434 2049 516 homo,
2092 453 2242 496 vere

215 525 295 585 ut
350 520 561 585 dicam
616 518 740 606 (sic
794 522 967 586 enim
1024 521 1357 608 cognovi),
1409 521 1761 605 humanuS,
1816 520 1929 586 sed
1975 520 2244 605 tamdiu,

219 609 535 693 quamdiu
590 631 738 674 cum
791 608 1095 674 humanis
1151 615 1253 676 est
1297 614 1414 674 aut
1457 611 1599 694 ipse
1646 632 1884 675 secum.
1979 607 2047 673 Is
2094 630 2245 673 cum

138 715 189 770 ,5
218 698 427 762 istum
497 697 974 762 adulescentem
1039 698 1171 762 iam
1235 703 1382 763 tum
1442 697 1566 763 hac
1630 698 1729 762 dis
1793 697 1963 762 irata
2025 696 2243 762 fronte

218 784 511 869 vidisset,
546 806 682 851 non
715 784 1039 850 fastidivit
1075 787 1214 850 eius
1252 785 1630 870 amicitiam,
1667 807 1815 851 cum
1854 789 2028 850 esset
2062 805 2244 868 prae-

220 873 451 938 sertim
510 873 870 959 appetitus3
923 874 1103 938 dedit
1157 896 1225 939 se
1282 875 1353 938 in
1408 874 1942 940 consuetudinem
1993 873 2114 956 sic,
2166 876 2244 937 ut

217 983 489 1046 prorsus
552 983 685 1026 una
741 962 990 1026 viveret
1040 984 1159 1028 nec
1214 962 1350 1028 fere
1404 984 1717 1045 umquam
1773 962 1855 1026 ab
1911 983 1988 1026 eo
2044 961 2245 1026 disce-

219 1049 421 1114 deret.
511 1048 666 1114 Non
720 1050 890 1135 apud
940 1048 1265 1136 indoctos,
1322 1051 1460 1134 sed,
1515 1054 1592 1115 ut
1637 1070 1761 1135 ego
1809 1049 2120 1133 arbitror,
2173 1049 2245 1113 in

130 1157 190 1198 ιο
219 1137 565 1202 hominum
619 1137 1212 1203 eruditissimorum
1266 1144 1336 1203 et
1383 1137 2008 1203 humanissimorum
2053 1140 2244 1202 coetu

218 1226 473 1308 loquor.
554 1224 854 1291 Audistis
899 1226 1196 1310 profecto
1243 1226 1374 1292 dici
1417 1225 1847 1311 philosophos
1882 1225 2244 1308 Epicureos

221 1313 437 1379 omnis
501 1335 633 1398 res,
697 1335 861 1397 quae
923 1315 1057 1379 sint
1110 1314 1364 1380 homini
1418 1315 1840 1399 expetendae,
1904 1313 2244 1397 voluptate

219 1401 473 1487 metiri3
518 1405 777 1467 rectene
824 1423 909 1466 an
956 1424 1159 1487 secus,
1201 1403 1370 1468 nihil
1415 1403 1497 1467 ad
1541 1424 1663 1468 nos
1708 1404 1844 1485 aut,
1889 1401 1946 1466 si
1989 1402 2072 1466 ad
2103 1421 2245 1484 noS,

217 1489 387 1554 nihil
461 1489 540 1554 ad
613 1489 739 1555 hoc
816 1493 1103 1576 tempus3
1176 1493 1291 1557 sed
1362 1495 1586 1556 tamen
1647 1489 1975 1554 lubricum
2038 1510 2244 1575 genus

135 1600 191 1642 15
221 1577 543 1643 orationis
590 1577 991 1644 adulescenti
1034 1601 1169 1645 non
1214 1579 1452 1644 acriter
1494 1577 1908 1664 intellegenti
1947 1581 2014 1642 et
2051 1599 2244 1661 saepe
2329 1601 2336 1608 ·

217 1687 552 1751 praeceps.
624 1665 858 1751 Itaque
900 1666 1322 1732 admissarius
1359 1668 1487 1732 iste
1525 1665 1722 1731 simul
1760 1669 1957 1750 atque
1994 1664 2247 1730 audivit
2267 1668 2334 1718 69

217 1755 627 1838 voluptatem
672 1776 713 1818 a
755 1754 1149 1839 philosopho
1196 1759 1386 1821 tanto
1435 1777 1627 1839 opere
1673 1754 1943 1838 laudari,
1987 1754 2035 1839 †
2078 1752 2248 1818 nihil

222 1843 594 1928 expiscatus
640 1846 769 1927 est,
824 1843 918 1908 sic
969 1865 1121 1908 suos
1168 1865 1397 1909 sensus
1443 1841 1849 1927 voluptarios
1897 1841 2108 1906 omnis
2154 1840 2248 1905 in-

222 1931 468 2014 citavit,
511 1931 606 1996 sic
644 1931 724 1996 ad
758 1931 939 1997 illius
976 1931 1145 1998 hanc
1184 1933 1548 1999 orationem
1585 1929 1968 2015 adhinnivit,
2003 1933 2080 1996 ut
2114 1951 2248 1996 non

142 2044 195 2085 20
220 2020 617 2106 magistrum
661 2019 949 2105 virtutis,
994 2020 1108 2085 sed
1153 2025 1487 2087 auctorem
1531 2019 1824 2085 libidinis
1872 2041 1913 2085 a
1953 2040 2022 2084 se
2059 2018 2248 2083 illum

218 2109 562 2172 inventum
608 2108 1057 2173 arbitraretur.
1138 2107 1424 2175 Graecus
1471 2109 1685 2193 primo
1733 2107 2133 2192 distinguere
2179 2110 2249 2170 et

221 2196 525 2281 dividere,
558 2196 674 2260 illa
704 2218 896 2281 quem
925 2196 1006 2261 ad
1033 2198 1298 2263 modum
1326 2197 1722 2281 dicerentur3
1756 2196 1882 2260 iste
1913 2194 2249 2278 ‘claudus’,

222 2305 419 2368 quem
465 2285 547 2349 ad
592 2284 857 2349 modum
904 2286 1115 2369 aiunt,
1172 2284 1450 2370 ‘pilam'3
1495 2285 1803 2368 retinere,
1855 2284 2029 2368 quod
2075 2303 2250 2349 acce-

222 2375 441 2456 perat,
494 2372 862 2457 testificari,
917 2372 1195 2438 tabellas
1247 2373 1595 2459 obsignare
1640 2371 1835 2456 velle,
1887 2372 2250 2455 Epicurum

142 2486 196 2528 35
223 2462 555 2525 desertum
600 2459 830 2526 dicere.
893 2460 963 2526 Is
1000 2464 1220 2526 autem
1256 2461 1436 2545 dicit,
1478 2465 1556 2526 ut
1593 2460 1843 2544 opinor,
1890 2481 1959 2525 se
1994 2460 2250 2524 nullum

225 2549 475 2614 bonum
510 2548 891 2636 intellegere
924 2570 1117 2634 posse
1147 2549 1430 2634 demptis
1459 2548 1750 2633 corporis
1779 2547 2250 2632 voluptatibus·

224 2636 398 2713 Quid
444 2637 697 2701 multa?
772 2636 1055 2703 Graecus
1102 2638 1316 2703 facilis
1363 2642 1432 2703 et
1476 2638 1662 2702 valde
1700 2640 2014 2702 venustus
2049 2635 2248 2701 nimis
2270 2641 2339 2691 ’10

221 2745 491 2810 pugnax
529 2729 758 2790 contra
793 2724 1255 2809 imperatorem
1282 2725 1509 2811 populi
1538 2725 1820 2790 Romani
1848 2746 1990 2790 esse
2015 2724 2248 2789 noluit.

220 2812 352 2877 Est
388 2817 609 2878 autem
645 2813 771 2898 hic,
817 2814 895 2878 de
935 2836 1063 2898 quo
1100 2814 1352 2899 loquor,
1391 2835 1526 2878 non
1559 2812 1982 2898 philosophia
2017 2812 2250 2894 solum,
2270 2808 2355 2872 29

142 2927 197 2968 zo
224 2900 338 2966 sed
385 2900 585 2965 etiam
638 2902 868 2967 ceteris
917 2902 1171 2986 studiis,
1220 2924 1385 2986 quae
1423 2902 1558 2967 fere
1597 2906 1849 2967 ceteros
1887 2900 2249 2983 Epicureos

220 2989 569 3143 &3525ss
624 2990 1350 3145 ssffufflficffiffistffi
1400 2996 1670 3143 ἓῗέῗέε
1686 3010 1922 3141 P⁰51¹1511
1937 2987 2251 3139 Ἐῖῗὺῇῗὲ

221 3166 439 3250 possit
485 3128 803 3251 argutiua
873 3166 955 3232 In
997 3189 1125 3253 quo
1164 3101 1598 3250 reprehendit
1635 3128 1784 3230 eum
1820 3164 1995 3248 licet,
2042 3163 2099 3227 si
2138 3162 2251 3247 qui

220 3254 420 3338 volet,
457 3255 651 3320 modo
683 3254 933 3340 leviter,
968 3277 1103 3320 non
1130 3259 1205 3320 ut
1231 3255 1624 3339 improbum,
1658 3275 1792 3319 non
1819 3255 1895 3316 ut
1924 3252 2252 3334 audacem,

142 3366 197 3408 ³⁶
221 3362 359 3408 non
401 3346 479 3407 ut
518 3342 867 3428 impurum,
913 3343 1027 3408 sed
1071 3346 1149 3407 ut
1188 3341 1599 3426 Graeculum,
1643 3346 1720 3405 ut
1757 3344 2252 3422 assentatorem,

220 3433 303 3493 ut
337 3434 620 3515 poetam.
693 3430 975 3497 Devenit
1011 3434 1229 3496 autem
1268 3452 1384 3495 seu
1419 3431 1641 3514 potius
1678 3428 1910 3493 incidit
1945 3428 2017 3491 in
2046 3428 2252 3493 istum

222 3518 453 3582 eodem
499 3519 805 3604 deceptus
854 3519 1199 3605 supercilio
1249 3517 1536 3583 Graecus
1584 3521 1781 3602 atque
1829 3516 2076 3581 advena
2121 3536 2252 3599 quo
