2550 3875
681 549 778 622 M.
836 549 1123 622 TULLI
1179 549 1674 623 CICERONIS

44 712 46 829 ζ
159 732 278 814 IN
350 732 456 816 M.
536 730 1082 815 ANTONIUM
1147 730 1528 815 ORATIO
1594 730 2195 817 PHILIPPICA

995 890 1343 973 PRIMA.

881 1202 1468 1263 ARGUMENTUM.

303 1354 608 1409 Interfecto
652 1352 844 1407 Idibus
889 1352 1054 1408 Mart.
1104 1352 1158 1408 Ο.
1210 1352 1447 1407 Caesare
1492 1352 1566 1407 Μ.
1612 1352 1917 1421 Antonius,
1964 1353 2151 1423 colleg
2152 1372 2187 1409 a

159 1425 286 1481 eius
351 1425 412 1478 in
469 1423 788 1491 consulatu,
847 1422 955 1478 sibi
1017 1424 1274 1477 metuens
1328 1440 1443 1477 non
1498 1423 1679 1479 solum
1734 1441 1799 1480 eo
1857 1396 1949 1479 die
2000 1424 2184 1493 latuit,

44 1508 48 1547 ;
159 1512 360 1550 verum
416 1494 591 1549 etiam
646 1494 791 1549 texit
847 1493 1196 1563 aliquamdiu
1252 1493 1493 1549 consilia
1546 1512 1647 1549 sua
1701 1495 2058 1551 simulatione
2114 1498 2187 1550 ad

159 1570 388 1635 tempus
439 1564 877 1619 accommodata.
962 1564 1242 1619 Postridie
1289 1564 1421 1619 Idus
1469 1566 1657 1619 actum
1704 1568 1793 1620 est
1838 1584 1966 1621 cum
2010 1583 2076 1622 eo
2115 1566 2185 1622 (16

161 1636 449 1692 communi
495 1635 792 1690 concordia
839 1652 940 1705 per
986 1634 1309 1690 consulares
1355 1635 1529 1702 viros3
1576 1638 1707 1705 post
1751 1636 1900 1691 diem
1936 1636 2187 1705 tertium,

159 1709 262 1776 qui
308 1706 422 1761 fuit
465 1706 594 1761 XVI
631 1705 756 1761 Kal.
796 1708 956 1788 ΑΡ1.,
1003 1707 1064 1760 in
1111 1705 1309 1777 aedem
1344 1704 1583 1760 Telluris
1630 1710 1941 1763 convocato
1988 1710 2187 1763 senatu

44 1776 48 1813 ’·
159 1780 236 1832 Μ.
278 1776 496 1845 cicere,
549 1779 822 1846 quantum
867 1777 927 1830 in
963 1776 1088 1846 ipso
1124 1777 1258 1845 fuit,
1302 1766 1443 1831 iecit
1477 1776 1845 1832 fundamenta
1880 1779 2037 1847 pacis
2076 1778 2187 1833 dis-

44 1866 46 1877 ·
160 1848 593 1915 cordiarumque
630 1848 955 1903 memoriam
994 1864 1214 1902 omnem
1248 1848 1439 1901 vetere
1468 1847 1897 1902 Atheniensium
1934 1849 2188 1919 exemplo

44 1955 46 1992 :
160 1918 448 1975 oblivione
487 1934 643 1988 semp
646 1918 832 1974 iterna
867 1918 1166 1973 delendam
1203 1919 1437 1974 censuit.
1504 1918 1623 1984 Quo
1662 1918 1753 1974 (116
1790 1919 2079 1990 praeclare
2117 1920 2186 1976 de

157 2008 221 2045 re
268 1990 500 2060 publica
546 1989 768 2044 locutus
807 1989 1085 2044 Antonius
1123 1991 1593 2056 consequentibus
1630 1990 1805 2044 etiam
1841 1991 2039 2045 diebus
2074 2008 2189 2046 non

44 2055 46 2064 '
158 2061 336 2116 dubia
383 2076 515 2116 suae
559 2060 870 2114 voluntatis
918 2063 1252 2130 argumenta
1289 2060 1422 2114 dare
1458 2062 1611 2115 visus
1650 2064 1759 2127 est3
1805 2061 1976 2115 misso
2014 2078 2187 2131 parvo

157 2132 278 2187 filio
323 2133 482 2202 pacis
530 2131 728 2186 obside
773 2130 834 2184 in
871 2131 1213 2200 Capitolium
1250 2129 1307 2184 C.
1348 2130 1598 2186 Cassium
1642 2132 1789 2199 ipse,
1836 2132 1908 2186 M.
1948 2132 2186 2186 Brutum

44 2223 47 2254 ε
156 2203 422 2285 Lepidus,
460 2202 718 2282 pontifex
751 2201 1044 2269 maximuS,
1083 2200 1183 2254 alii
1221 2201 1363 2256 alios
1403 2219 1471 2256 ex
1505 2201 1957 2257 interfectoribus
1986 2205 2185 2258 Caesa-

44 2311 46 2318 ·
157 2272 264 2340 ris,
327 2272 425 2341 qui
511 2274 601 2327 ost
646 2273 766 2326 eius
812 2288 1007 2327 necem
1053 2272 1249 2340 ΡοΡι111
1296 2274 1353 2326 61
1397 2273 1607 2327 Antoni
1652 2272 1894 2328 maxime
1941 2274 2185 2329 consulis

44 2341 47 2350 ’
158 2317 318 2406 me'tu
363 2343 424 2396 in
517 2342 815 2412 apitolium
861 2359 920 2397 se
966 2341 1348 2412 contulerant,
1396 2359 1567 2398 cenae
1604 2344 1999 2399 adhibuerunt
2074 2345 2184 2399 Sed

157 2414 351 2467 fictam
397 2429 696 2495 personam
743 2413 1017 2469 sustinere
1065 2412 1162 2467 diu
1206 2430 1371 2468 nemo
1418 2416 1622 2483 potest.
1705 2413 1842 2468 Cum
1888 2414 2183 2470 Caesarem

157 2486 218 2539 in
277 2484 462 2538 libera
526 2482 758 2540 civitate
819 2485 1092 2553 singulari
1155 2486 1441 2552 potestate
1505 2503 1668 2539 usum
1730 2485 1924 2540 funere
1992 2489 2184 2540 tamen

160 2554 346 2610 efferri
400 2553 731 2624 placuisset,
789 2555 887 2623 qui
941 2555 1066 2609 fons
1112 2557 1387 2609 malorum
1434 2555 1679 2609 omnium
1726 2557 1836 2610 fuit
1882 2555 1985 2625 (sic
2032 2557 2182 2612 enim

156 2629 462 2694 tyrannum
514 2641 631 2679 non
684 2625 856 2680 fuisse
912 2625 1292 2694 indicabatur,
1348 2642 1479 2680 nam
1532 2628 1898 2696 tyrannorum
1946 2643 2184 2696 corpora

155 2695 582 2778 proiciebantur
625 2696 963 2765 inhumata),
1010 2696 1267 2750 laudavit
1315 2714 1443 2752 eum
1487 2697 1556 2752 de
1601 2713 1754 2751 more
1792 2697 1866 2752 M.
1905 2697 2181 2751 Antonius

156 2769 220 2820 in
257 2767 379 2821 foro
417 2769 974 2836 commemoratisque
1012 2767 1178 2820 rebus
1217 2766 1289 2821 ab
1328 2783 1395 2822 eo
1432 2767 1610 2838 gestis
1646 2767 2017 2835 maximisque
2046 2783 2183 2836 erga

158 2855 279 2891 rem
324 2837 609 2906 publicam
645 2837 862 2892 meritis
901 2839 1182 2906 explicata
1218 2838 1443 2892 demum
1481 2842 1712 2892 cruenta
1745 2840 1929 2905 veste,
1975 2839 2033 2891 in
2071 2855 2182 2904 qua

159 2925 354 2962 caesus
402 2910 545 2974 erat,
592 2909 784 2963 multis
830 2909 1140 2978 pugionum
1185 2907 1393 2963 ictibus
1438 2908 1691 2978 perfossa
1728 2907 2015 2963 convertit
2060 2924 2181 2961 ora·

159 2979 374 3033 tionem
402 2979 474 3033 ad
501 2979 920 3034 miserationem
949 2979 1408 3034 commovendam
1436 2979 1816 3048 populumque
1846 2980 1959 3031 iam
1987 2978 2180 3033 dolore

155 3051 446 3104 incensum
483 3049 544 3103 in
581 3067 707 3104 eam
742 3049 1093 3104 iracundiam
1128 3051 1483 3118 furoremque
1520 3049 1772 3118 impulit,
1811 3052 1876 3103 ut
1914 3049 2107 3102 statim
2144 3067 2181 3104 a

156 3122 351 3175 funere
407 3120 482 3174 ad
537 3120 765 3175 domum
811 3119 973 3174 Bruti
1028 3123 1086 3174 et
1134 3120 1291 3175 Cassi
1346 3138 1474 3174 cum
1522 3120 1739 3174 facibus
1791 3119 2179 3186 accucurrerit,

157 3191 305 3245 unde
351 3208 520 3262 aegre
564 3191 820 3273 repulsus
867 3195 970 3245 est.
1041 3191 1248 3246 Brutus
1298 3193 1355 3245 61
1401 3189 1624 3244 Cassius
1669 3191 1850 3244 vitato
1895 3164 2183 3260 praesenti

156 3261 407 3331 periculo
455 3261 774 3316 concitatae
821 3261 1202 3316 multitudinis
1246 3261 1363 3315 vim
1398 3262 1663 3315 timentes
1702 3260 2021 3330 Antonique
2058 3278 2182 3331 per-

156 3333 347 3387 fidiam
393 3332 508 3386 iam
554 3333 690 3386 satis
725 3334 972 3413 experti
995 3332 1228 3387 Antium
1273 3335 1333 3387 61
1370 3332 1681 3386 Lanuvium
1727 3332 2067 3400 aufugerunt
2114 3349 2180 3387 eo

157 3401 412 3470 consili0‚
452 3405 516 3456 ut
549 3401 682 3457 inde
720 3402 780 3455 in
815 3402 1132 3471 provincias
1171 3420 1205 3456 a
1241 3405 1439 3458 senatu
1476 3402 1733 3456 decretas
1769 3403 2182 3472 proficisceren-

155 3477 261 3528 tur
345 3473 684 3528 Decreverat
741 3476 932 3527 autem
979 3476 1228 3540 senatus,
1282 3472 1555 3540 postridie
1604 3489 1774 3541 quam
1821 3491 1851 3528 e
1899 3473 2181 3544 Capitolio
