2550 3875
303 163 434 228 326
808 159 949 214 PRO
985 158 1061 214 M.
1097 157 1490 213 MARCELLO
1531 155 1819 212 ORATIO.

302 325 482 406 bant,
528 326 603 386 ut
648 321 810 386 mihi
857 320 1118 404 quidem
1161 319 1504 384 videantur
1549 319 1615 383 di
1659 315 2061 400 inmortaleS,
2106 313 2345 378 etiam-

305 413 362 477 si
434 431 676 495 poenas
750 430 789 473 a
859 409 1101 493 populo
1165 407 1463 472 Romano
1538 407 1622 471 ob
1696 404 1962 490 aliquod
2022 402 2342 468 delictum

307 498 774 583 expetiverunt,
819 497 934 580 qui
979 496 1167 561 civile
1211 496 1459 560 bellum
1504 498 1765 559 tantum
1802 496 1870 558 et
1906 496 2045 556 tam
2080 490 2341 554 luctuo-

303 609 453 652 sum
490 585 951 669 excitaverunt,
986 585 1090 648 vel
1125 583 1371 668 placati
1407 583 1539 648 iam
1575 583 1677 646 vel
1715 580 1944 646 satiati
1980 577 2338 663 aliquando

307 695 566 740 omnem
611 695 795 758 spem
832 672 1065 737 salutis
1103 672 1185 736 ad
1221 671 1635 737 clementiam
1670 668 1941 736 victoris
1978 672 2046 732 et
2082 666 2339 750 sapien·
2404 687 2437 728 5

306 763 470 827 tiam
515 761 885 827 contulisse.

223 872 286 920 19
402 850 614 927 Quare
661 849 868 935 gaude
913 853 1028 913 tuo
1075 849 1206 913 isto
1245 852 1384 913 tam
1419 846 1765 912 excellenti
1800 847 1973 910 bono
2012 847 2081 908 et
2114 843 2338 906 fruere

309 961 457 1004 cum
501 938 764 1002 fortuna
809 941 876 1002 et
920 936 1158 1023 gloria,
1212 940 1356 1000 tum
1402 935 1602 1000 etiam
1646 937 1883 998 natura
1926 935 1993 997 et
2036 931 2339 996 moribus

305 1027 457 1111 tuis,
503 1049 582 1090 ex
624 1047 753 1110 quo
801 1025 1062 1108 quidem
1108 1045 1449 1090 maxumus
1496 1027 1596 1088 est
1640 1021 1893 1086 fructus
1936 1019 2340 1084 iucunditas—

309 1137 435 1199 que
489 1114 785 1198 sapienti.
877 1112 1110 1178 Cetera
1155 1135 1306 1178 cum
1350 1116 1468 1176 tua
1512 1110 1963 1194 recordabere,
2019 1108 2145 1172 etsi
2191 1128 2338 1191 per·
2370 1129 2433 1168 ιο

309 1225 502 1287 saepe
555 1202 814 1285 virtuti,
867 1205 1089 1266 tamen
1141 1200 1525 1285 plerumque
1569 1197 1873 1263 felicitati
1917 1200 2067 1261 tuae
2113 1199 2341 1281 gratu-

307 1292 554 1375 labere3
597 1290 676 1354 de
720 1290 930 1373 nobiS,
978 1311 1141 1373 quos
1187 1289 1257 1353 in
1294 1311 1364 1353 re
1400 1287 1665 1372 publica
1700 1290 1918 1351 tecum
1956 1284 2152 1348 simul
2188 1304 2341 1348 esse

305 1378 600 1461 voluisti,
655 1377 956 1462 quotiens
1010 1376 1362 1462 cogitabis,
1416 1375 1661 1440 totiens
1706 1375 1784 1438 de
1831 1372 2153 1438 maxumis
2198 1371 2339 1436 tuis

305 1467 636 1532 beneficiis
645 1516 664 1550 ,
727 1465 972 1530 totiens
1037 1466 1113 1529 de
1177 1463 1546 1530 incredibili
1598 1461 2023 1546 liberalitate,
2084 1460 2359 1550 totiens·

309 1556 387 1618 de
449 1551 766 1639 singulari
813 1554 1133 1637 sapientia
1176 1557 1294 1617 tua
1340 1551 1691 1638 cogitabis3
1746 1571 1911 1635 quae
1955 1571 2090 1614 non
2134 1548 2335 1613 modo
2365 1568 2424 1608 ιε

309 1663 564 1706 summa
624 1642 820 1726 bona,
885 1642 997 1707 sed
1059 1641 1369 1705 nimirum
1432 1640 1682 1705 audebo
1746 1639 1850 1704 vel
1907 1637 2049 1702 sola
2102 1636 2338 1701 dicere.

307 1730 554 1794 Tantus
620 1733 720 1794 est
779 1729 952 1794 enim
1015 1729 1323 1813 splendor
1378 1729 1449 1792 in
1509 1728 1699 1793 laude
1762 1749 1941 1811 vera,
2012 1729 2201 1790 tanta
2260 1725 2341 1788 in

307 1817 754 1903 magnitudine
819 1817 1021 1881 animi
1085 1822 1152 1882 et
1215 1816 1473 1882 consilii
1538 1815 1852 1901 dignitas,
1927 1817 2005 1879 ut
2065 1813 2230 1879 haec
2296 1835 2339 1877 a

305 1905 571 1972 Virtute
637 1906 903 1990 donata,
976 1909 1190 1992 cetera
1254 1928 1294 1970 a
1356 1905 1652 1970 Fortuna
1716 1903 2127 1969 commodata
2190 1923 2338 1967 esse

219 2016 288 2065 20
307 1996 665 2060 videantur.
705 2058 708 2061 ,
767 1992 926 2059 Noli
999 1994 1206 2079 igitur
1262 1994 1335 2058 in
1398 1993 1850 2058 conservandis
1914 1991 2105 2057 bonis
2171 1990 2335 2055 viris
2368 2010 2427 2051 2⁰

308 2083 676 2167 defetigari,
729 2104 863 2147 non
915 2082 1274 2165 cupiditate
1329 2082 1718 2165 praesertim
1762 2080 1985 2165 aliqua
2028 2084 2144 2144 aut
2188 2100 2339 2164 pra-

307 2171 511 2235 vitate
557 2170 778 2253 lapsis,
824 2170 938 2234 sed
983 2170 1287 2254 opinione
1325 2168 1527 2234 officii
1564 2170 1773 2234 stulta
1807 2168 2107 2252 fortasse,
2155 2172 2338 2233 certe

306 2280 440 2323 non
500 2257 804 2341 inproba,
871 2261 939 2322 et
997 2258 1208 2344 specie
1265 2258 1546 2342 quadam
1607 2258 1704 2322 rei
1758 2256 2075 2340 publicae.
2177 2254 2341 2320 Non

308 2345 482 2411 enim
518 2349 634 2410 tua
669 2345 804 2410 ulla
841 2346 1030 2430 culpa
1067 2350 1186 2429 est,
1223 2346 1284 2411 si
1319 2349 1387 2409 te
1425 2345 1628 2429 aliqui
1664 2346 2041 2429 timuerunt,
2078 2348 2338 2409 contra-

310 2455 434 2516 que
481 2455 734 2498 summa
777 2434 946 2517 laus,
1004 2434 1176 2518 quod
1223 2434 1489 2498 minime
1534 2433 1897 2498 timendum
1939 2432 2144 2497 fuisse
2192 2454 2335 2497 sen·-
2366 2450 2421 2491 2⁵

309 2526 548 2587 serunt.

218 2567 285 2706 Ξῖ
439 2609 632 2674 Nunc
677 2609 866 2674 venio
914 2610 994 2673 ad
1041 2610 1497 2695 gravissimam
1544 2609 1902 2694 querellam
1946 2612 2014 2672 et
2061 2607 2336 2673 atrocis-

310 2698 543 2763 simam
597 2697 1031 2781 suspicionem
1087 2702 1296 2782 tuam,
1350 2719 1511 2782 quae
1564 2718 1699 2762 non
1752 2696 1879 2761 tibi
1931 2695 2061 2780 ipsi
2115 2696 2333 2781 magis

309 2808 507 2869 quam
554 2808 701 2851 cum
748 2785 1048 2851 omnibus
1095 2785 1373 2870 civibus,
1418 2789 1561 2849 tum
1607 2806 1905 2849 maxume
1949 2783 2171 2868 nobis,
2218 2784 2335 2867 qui

309 2896 348 2937 a
409 2878 478 2939 te
543 2874 907 2939 conservati
971 2895 1222 2958 sumus,
1290 2872 1689 2956 providenda
1745 2876 1873 2957 est3
1944 2883 2143 2955 quain
2207 2872 2334 2936 etsi
2364 2890 2421 2930 ao

307 2983 497 3044 spero
598 2961 836 3026 falsam
939 2982 1106 3046 esse,
1196 2964 1419 3026 tamen
1506 2982 1867 3044 numquam
1942 2960 2333 3024 extenuabo.

308 3049 448 3113 Tua
493 3049 667 3114 enim
713 3049 930 3115 cautio
974 3054 1204 3115 nostra
1249 3050 1467 3115 cautio
1504 3053 1624 3134 est,
1669 3053 1763 3134 ut,
1810 3050 1868 3114 si
1902 3049 1974 3113 in
2010 3048 2331 3113 alterutro

309 3137 706 3220 peccandum
779 3138 894 3222 sit,
967 3139 1192 3203 malim
1264 3138 1470 3203 videri
1537 3137 1733 3203 nimis
1799 3136 2067 3201 timidus
2133 3158 2334 3219 quam

309 3246 543 3307 parum
594 3226 896 3308 prudens.
989 3224 1115 3291 Sed
1172 3226 1471 3309 quisnam
1520 3230 1623 3291 est
1667 3226 1793 3291 iste
1838 3230 1977 3290 tam
2022 3224 2333 3291 demens?

312 3311 389 3376 de
448 3312 663 3377 tuisne
710 3311 1006 3398 (tametsi
1051 3314 1163 3397 qui
1209 3314 1421 3399 magis
1466 3318 1621 3379 sunt
1667 3314 1792 3398 tui,
1852 3335 2047 3398 quam
2094 3314 2333 3399 quibus
2360 3330 2415 3372 εὖ

311 3401 388 3463 tu
466 3400 745 3465 salutem
835 3401 1319 3485 insperantibus
1400 3402 1738 3467 reddidisti
1748 3400 1810 3488 P)
1886 3424 1971 3467 an
2040 3423 2121 3467 ex
2201 3402 2331 3467 hoc

305 3505 608 3567 numero,
662 3488 772 3570 qui
819 3510 950 3553 una
994 3492 1210 3553 tecum
1255 3487 1563 3554 fuerunt?
1652 3489 1806 3556 Non
1852 3493 1955 3555 est
2000 3490 2333 3555 credibilis
