2550 3875
893 622 987 696 M.
1047 621 1332 696 TULLI
1388 621 1888 697 CICERONIS

374 803 487 889 IN
562 805 668 889 M.
736 803 1290 889 ANTONIUM
1353 804 1739 888 ORATIO
1808 803 2418 890 PHILIPPICA

1201 961 1568 1049 SEXTA.

1083 1344 1683 1407 ARGUMENTUM.

517 1513 601 1568 Eo
657 1514 772 1582 die,
830 1529 939 1583 quo
983 1513 1059 1568 M.
1106 1510 1300 1568 Cicero
1348 1513 1692 1582 superiorem
1739 1513 2053 1568 orationem
2098 1512 2158 1569 in
2207 1516 2418 1570 senatu

374 1585 600 1651 habuit,
646 1584 791 1639 nihil
842 1583 1154 1653 perfectum
1202 1586 1316 1651 est,
1362 1584 1513 1651 quod
1550 1583 1611 1640 L.
1649 1583 1781 1638 Piso
1827 1584 2048 1666 legatos
2093 1584 2292 1655 potius
2343 1588 2415 1640 ad

374 1655 448 1712 M.
487 1654 795 1710 Antonium
839 1654 1147 1709 mittendos
1185 1653 1422 1708 censuit.
1495 1653 1776 1710 Postridie
1815 1655 1936 1710 eius
1974 1655 2104 1724 diei,
2143 1655 2302 1723 quod
2338 1658 2414 1711 M.

374 1724 570 1780 Cicero
616 1727 685 1781 de
730 1725 1037 1780 honoribus
1084 1723 1402 1780 tribuendis
1445 1729 1766 1794 censuerat,
1815 1743 1947 1780 acce
1989 1727 2110 1780 tum
2149 1729 2261 1793 est·
2313 1727 2416 1780 sed

374 1813 503 1851 cum
540 1796 612 1851 de
648 1797 894 1851 Antonio
930 1797 1243 1865 rogaretur,
1281 1811 1352 1850 ne
1391 1795 1662 1851 discessio
1701 1813 1770 1851 eo
1807 1796 1898 1851 die
1975 1798 2112 1864 eret,
2153 1813 2188 1851 a
2217 1797 2414 1852 Salvio

374 1867 603 1922 tribuno
648 1867 725 1938 pl.
771 1866 889 1936 imp
893 1866 1108 1920 editum
1154 1867 1255 1921 est.
1329 1865 1413 1920 Eo
1459 1883 1682 1935 quoque
1721 1866 1840 1935 die,
1887 1867 1988 1935 qui
2022 1867 2172 1921 hunc
2212 1883 2412 1936 seque-

371 1939 557 2006 batur,
596 1956 684 1993 res
723 1938 797 1993 ad
833 1938 1003 1992 finem
1038 1938 1314 2006 perducta
1348 1954 1462 1993 non
1499 1939 1599 1993 est.
1674 1909 1884 2004 Quarto
1923 1938 2150 1993 demum
2187 1938 2282 1993 die
2319 1956 2413 1994 res

372 2009 459 2063 ita
502 2011 794 2064 transacta
841 2010 955 2075 est,
1002 2011 1069 2062 ut
1114 2012 1342 2062 senatus
1380 2008 1434 2062 le
1479 2009 1603 2062 atos
1641 2009 1714 2062 ad
1751 2008 2062 2063 Antonium
2096 2010 2412 2092 mittendos

372 2080 714 2135 decerneret.
778 2080 861 2135 Eo
899 2050 992 2134 die
1021 2078 1093 2133 M
1126 2078 1321 2134 Cicero
1360 2096 1395 2133 a
1476 2078 1763 2161 ‚Apuleio
1801 2080 2029 2135 tribuno
2065 2080 2144 2149 pl.
2182 2081 2242 2133 in
2281 2097 2411 2135 con-

372 2150 587 2205 tionem
622 2150 931 2231 productus
967 2150 1133 2216 hanc,
1170 2165 1317 2217 quae
1353 2147 1503 2204 infra
1530 2149 1741 2219 scripta
1769 2153 1871 2216 est,
1909 2150 2223 2205 orationem
2253 2151 2410 2221 apud

373 2220 647 2303 populum
691 2219 917 2286 habuit,
956 2222 1017 2273 in
1054 2235 1190 2288 qua,
1238 2219 1377 2289 quid
1412 2219 1536 2289 ipse
1575 2220 1644 2273 de
1682 2220 1777 2289 leg
1781 2219 1968 2275 atione
2009 2220 2082 2274 ad
2118 2220 2191 2275 M.
2230 2221 2410 2276 Anto·

374 2290 529 2344 nium
578 2291 806 2345 decreta
849 2289 1221 2357 existimaret,
1272 2292 1534 2359 exposuit
1566 2291 1948 2360 populumque
1983 2291 2301 2347 Romanum
2335 2292 2406 2347 ad

374 2360 816 2430 recuperandam
849 2360 1233 2429 tuendamque
1269 2361 1597 2416 libertatem
1636 2362 1972 2416 adhortatus
2010 2365 2114 2418 est.

323 2696 349 2760 l
510 2716 759 2783 Audita
820 2718 1006 2783 vobis
1073 2740 1213 2783 esse
1282 2718 1593 2800 arbitror,
1659 2717 1977 2803 Quirites,
2042 2739 2208 2802 quae
2273 2718 2408 2783 sint

326 2785 355 2834 ¹
377 2810 526 2871 acta
580 2806 650 2871 in
706 2810 963 2890 senatu,
1019 2828 1185 2890 quae
1235 2806 1436 2870 fuerit
1483 2806 1793 2889 cuiusque
1841 2806 2183 2870 sententia.
2275 2805 2405 2871 Res

376 2895 550 2959 enim
607 2917 686 2960 ex
739 2894 1051 2959 Kalendis
1108 2894 1430 2958 Ianuariis
1488 2893 1743 2979 agitata
1803 2895 2000 2978 paulo
2057 2897 2207 2958 ante
2263 2916 2406 2959 con-

374 2982 549 3047 fecta
594 2986 696 3047 est
741 2983 957 3047 minus
1006 2982 1265 3066 quidem
1311 2982 1428 3046 illa
1475 3003 1712 3066 severe,
1760 3004 1955 3065 quam
1997 2981 2232 3066 decuit,
2275 3003 2406 3048 non

376 3074 599 3136 tamen
644 3071 908 3135 omnino
955 3070 1289 3135 dissolute.
1380 3068 1568 3134 Mora
1613 3074 1714 3135 est
1761 3071 1979 3135 adlata
2022 3070 2197 3135 bello
2207 3120 2224 3153 ,
2273 3092 2407 3135 non
2459 3088 2483 3129 s

377 3179 573 3224 causa
619 3159 894 3223 sublata.
988 3158 1198 3234 Quam
1245 3158 1330 3222 ob
1378 3179 1542 3242 rem,
1590 3158 1761 3241 quod
1810 3158 2135 3243 quaesivit
2180 3179 2259 3222 ex
2302 3181 2404 3223 me
2549 3165 2550 3168 ’

376 3244 447 3309 Ρ.
495 3245 839 3331 Apuleius,
892 3245 1092 3311 homo
1149 3250 1217 3309 et
1273 3246 1500 3310 multis
1548 3246 1782 3311 officiis
1830 3246 1994 3311 mihi
2040 3249 2110 3310 et
2153 3266 2404 3311 summa

376 3332 824 3399 familiaritate
872 3334 1255 3399 coniunctus
1304 3337 1371 3398 et
1416 3333 1604 3398 vobis
1653 3334 2115 3419 amicissimus,
2173 3334 2270 3399 ita
2311 3357 2404 3400 re·

378 3421 737 3504 spondeb0,
781 3425 859 3485 ut
905 3444 999 3505 ea,
1046 3422 1282 3504 quibus
1327 3443 1460 3486 non
1505 3422 1919 3506 interfuistis,
1963 3444 2158 3489 nosse
2202 3424 2403 3507 possi-

377 3506 483 3570 tis.
567 3506 779 3573 Causa
823 3508 1204 3573 fortissimis
1243 3508 1641 3592 optimisque
1680 3474 2056 3576 consulibus
2094 3510 2400 3576 Kalendis
2434 3531 2488 3571 ιο
