2550 3875
309 171 443 235 324
822 169 965 225 PRO
1002 169 1077 225 M.
1114 165 1503 224 MARCELLO
1543 168 1833 223 ORATIO.

311 333 546 417 quibus
583 335 660 396 tu
696 330 896 395 etiam
933 330 1212 396 mortuis
1239 329 1328 394 M.
1356 329 1667 396 Marcello
1706 334 2089 397 conservato
2127 330 2342 416 digni-

307 424 515 485 tatem
570 441 757 484 suam
806 418 1143 484 reddidisti
1185 418 1791 503 nobilissimamque
1836 417 2156 483 familiam
2201 419 2341 484 iam

224 518 286 566 11
310 508 391 572 ad
426 528 668 592 paucos
706 507 1038 572 redactam
1063 529 1265 590 paene
1296 507 1377 570 ab
1406 507 1679 571 interitu
1704 506 2067 572 vindicasti.
2138 505 2340 573 Hunc

308 601 384 661 tu
434 596 640 680 igitur
693 595 864 660 diem
918 595 1050 659 tuis
1100 594 1401 659 maximis
1448 599 1514 658 et
1557 595 2141 660 innumerabilibus
2189 615 2339 681 gra-

307 683 739 749 tulationibus
783 684 924 748 iure
970 686 1342 767 antepones.
1422 681 1603 747 Haec
1648 683 1821 747 enim
1858 704 1962 747 res
1998 683 2192 748 unius
2230 687 2339 748 est
2398 699 2433 739 ⁵

306 772 574 857 propria
628 770 698 836 G.
754 770 1078 854 Caesaris3
1134 774 1385 836 ceterae
1440 771 1598 836 duce
1652 775 1721 835 te
1775 774 2000 856 gestae
2055 791 2339 856 magnae

305 860 458 926 illae
516 859 800 944 quidem,
865 859 977 924 sed
1030 862 1253 924 tamen
1307 860 1515 924 multo
1573 879 1941 944 magnoque
1997 860 2339 924 comitatu.

305 947 520 1013 Huius
575 952 797 1012 autem
849 947 945 1011 rei
998 951 1073 1011 tu
1126 947 1300 1011 idem
1350 967 1419 1011 es
1466 950 1534 1012 et
1578 946 1708 1011 dux
1753 950 1822 1011 et
1867 969 2110 1031 comes3
2166 968 2339 1031 quae

307 1036 568 1121 quidem
614 1039 802 1100 tanta
847 1039 966 1119 est,
1015 1039 1091 1099 ut
1136 1035 1425 1119 tropaeis
1472 1038 1540 1099 et
1585 1035 2001 1099 monimentis
2046 1035 2181 1100 tuis
2227 1036 2341 1099 ad-

305 1124 521 1189 latura
573 1124 772 1188 finem
817 1123 907 1188 sit
951 1126 1132 1188 aetas
1179 1120 1372 1208 (nihil
1419 1126 1518 1188 est
1563 1122 1738 1187 enim
1784 1144 1977 1208 opere
2022 1126 2089 1187 et
2134 1145 2341 1188 manu
2371 1141 2433 1180 ιο

305 1212 581 1297 factum,
646 1211 821 1295 quod
880 1233 1015 1275 non
1079 1210 1427 1294 aliquando
1491 1210 1795 1276 conficiat
1858 1214 1925 1275 et
1990 1216 2343 1276 consumat

223 1308 287 1356 12
310 1297 662 1386 vetustas);
703 1304 774 1364 at
808 1299 970 1364 haec
1008 1303 1124 1363 tua
1159 1298 1415 1363 iustitia
1452 1302 1519 1363 et
1552 1299 1788 1363 lenitas
1818 1299 2019 1363 animi
2045 1299 2343 1364 florescit

308 1388 543 1454 cotidie
577 1387 807 1472 magis,
842 1387 939 1451 ita
965 1391 1060 1470 ut,
1096 1391 1415 1471 quantum
1442 1387 1575 1451 tuis
1605 1387 1911 1471 operibus
1938 1387 2342 1452 diuturnitas

205 1479 313 1548 (12)
323 1476 639 1559 detrahet,
673 1479 931 1540 tantum
969 1473 1220 1539 adferat
1255 1474 1575 1540 laudibus.
1655 1474 1748 1540 Et
1782 1479 2033 1541 ceteros
2072 1475 2343 1559 quidem

306 1585 531 1628 omnes
585 1563 866 1628 victores
919 1563 1244 1627 bellorum
1290 1562 1579 1628 civilium
1627 1563 1760 1628 iam
1805 1567 1955 1628 ante
2001 1563 2341 1647 aequitate
2371 1579 2429 1619 1⁵

307 1655 375 1715 et
427 1650 876 1716 misericordia
926 1650 1205 1735 viceras3
1258 1651 1572 1715 hodierno
1628 1673 1781 1716 vero
1836 1651 1941 1716 die
1995 1654 2062 1716 te
2116 1651 2343 1735 ipsum

304 1738 540 1803 vicisti.
621 1737 889 1822 Vereor,
930 1742 1009 1803 ut
1050 1738 1195 1822 hoc,
1242 1738 1416 1821 quod
1461 1739 1690 1823 dicam,
1734 1739 2000 1822 perinde
2038 1739 2343 1824 intellegi

305 1826 519 1912 possit
555 1826 868 1910 auditum,
914 1830 1111 1909 atque
1148 1827 1289 1910 ipse
1326 1827 1625 1913 cogitans
1664 1827 1903 1892 sentio:
1949 1826 2174 1911 Ipsam
2209 1827 2345 1892 vic-

305 1915 547 1981 toriam
591 1915 823 1981 vicisse
867 1914 1126 1999 videriS,
1173 1936 1323 1980 cum
1368 1938 1462 2000 ea,
1513 1938 1677 2000 quae
1722 1915 1845 1980 illa
1889 1919 2033 1981 erat
2078 1915 2343 2002 adepta,

304 2004 498 2069 victis
543 2004 875 2069 remisisti.
956 2002 1131 2069 Nam
1177 2025 1327 2068 cum
1358 2004 1569 2088 ipsius
1604 2004 1919 2069 victoriae
1953 2004 2339 2070 condicione
2370 2022 2427 2061 ²⁰

309 2113 532 2156 omnes
577 2092 738 2157 victi
777 2091 1254 2175 occidissemus,
1302 2091 1681 2157 clementiae
1717 2095 1869 2156 tuae
1907 2091 2149 2157 iudicio
2189 2113 2343 2157 con-

308 2180 550 2244 servati
597 2200 839 2244 sumus.
920 2178 1125 2245 Recte
1169 2179 1378 2265 igitur
1412 2201 1579 2244 unus
1615 2180 1896 2245 invictus
1936 2181 2082 2264 [es],
2129 2202 2170 2244 a
2206 2202 2342 2264 quo

245 2316 288 2380 5
309 2267 508 2331 etiam
553 2267 760 2349 ipsius
806 2266 1119 2332 victoriae
1168 2268 1460 2332 condicio
1506 2267 1734 2351 visque
1781 2267 2036 2333 devicta
2080 2272 2201 2333 est.

224 2406 288 2455 13
441 2355 661 2437 Atque
705 2354 831 2420 hoc
870 2353 939 2419 G.
977 2353 1274 2419 Caesaris
1321 2354 1649 2439 iudicium,
1692 2358 1914 2439 patres
1961 2355 2344 2442 conscripti,

309 2463 506 2526 quam
541 2442 675 2506 late
711 2446 956 2527 pateat,
1003 2443 1348 2508 adtendite.
1433 2442 1673 2507 Omnes
1712 2444 1904 2526 enim,
1949 2444 2063 2528 qui
2101 2444 2184 2509 ad
2220 2444 2344 2509 illa
2374 2461 2429 2502 25

309 2551 492 2593 arma
566 2528 705 2594 fato
781 2552 1005 2595 sumus
1077 2531 1299 2595 nescio
1374 2552 1502 2615 quo
1568 2531 1663 2595 rei
1725 2531 2024 2615 publicae
2094 2532 2342 2597 misero

305 2617 694 2701 funestoque
742 2618 1057 2703 conpulsi,
1102 2618 1228 2683 etsi
1273 2618 1492 2704 aliqua
1535 2618 1725 2703 culpa
1761 2622 2060 2685 tenemur
2097 2621 2341 2686 erroris

306 2706 602 2790 humani,
648 2706 889 2771 scelere
937 2710 1111 2772 certe
1156 2706 1422 2771 liberati
1468 2728 1715 2772 sumus.
1804 2706 2007 2793 Nam,
2052 2729 2202 2773 cum
2248 2707 2341 2773 M.

307 2793 693 2859 Marcellum
738 2794 1234 2877 deprecantibus
1281 2794 1469 2861 vobis
1515 2795 1611 2859 rei
1654 2795 1954 2879 publicae
2001 2818 2343 2861 conserva-

308 2882 423 2965 vit,
467 2904 572 2946 me
610 2886 681 2947 et
716 2881 878 2946 mihi
916 2886 984 2947 et
1028 2882 1190 2947 item
1225 2882 1322 2947 rei
1367 2882 1665 2967 publicae
1706 2883 1891 2949 nullo
1929 2884 2338 2969 deprecante,
2371 2903 2427 2942 ³0

308 2969 596 3052 reliquos
663 2970 1103 3054 amplissimos
1165 2971 1343 3036 viros
1406 2975 1477 3035 et
1540 2971 1668 3037 sibi
1729 2972 1909 3056 ipsos
1966 2976 2034 3037 et
2085 2974 2341 3057 patriae

309 3057 615 3142 reddidit,
679 3079 957 3141 quorum
1020 3062 1089 3121 et
1144 3057 1582 3143 frequentiam
1645 3063 1714 3124 et
1767 3059 2159 3147 dignitatem
2212 3061 2343 3127 hoc

308 3144 453 3228 ipso
507 3145 579 3209 in
633 3166 942 3210 consessu
994 3145 1259 3211 videtis:
1323 3168 1458 3212 non
1512 3148 1623 3213 ille
1677 3147 1904 3213 hostes
1957 3148 2216 3214 induxit
2271 3150 2343 3214 in

310 3232 586 3316 curiam,
641 3233 754 3297 sed
807 3232 1121 3297 iudicavit
1175 3255 1214 3297 a
1264 3234 1594 3320 plerisque
1645 3236 2059 3321 ignoratione
2114 3238 2341 3322 potius

310 3321 379 3382 et
431 3318 599 3384 falso
655 3324 852 3403 atque
906 3320 1085 3384 inani
1141 3325 1323 3385 metu
1378 3344 1576 3407 quam
1631 3324 1988 3410 cupiditate
2035 3330 2152 3391 aut
2201 3349 2342 3392 cru·
2370 3343 2423 3385 ³⁵

226 3413 294 3461 14
314 3403 581 3471 delitate
626 3407 874 3471 bellum
919 3428 1060 3471 esse
1108 3413 1501 3493 susceptum.
1576 3412 1720 3488 Quo
1757 3414 2019 3497 quidem
2055 3413 2128 3479 in
2161 3415 2340 3481 bello

313 3511 568 3575 semper
630 3494 709 3557 de
771 3515 930 3578 pace
996 3494 1387 3565 audiendum
1438 3501 1666 3585 putavi
1722 3522 2104 3586 semperque
2158 3504 2343 3568 dolui
