2550 3875
506 195 651 251 PRO
691 195 766 250 M.
807 194 1090 250 SCAURO
1131 195 1421 252 ORATIO.
1487 196 1644 253 CAP.
1684 204 1713 252 1
1752 203 1783 264 ὅ
1823 205 1872 254 1.
2080 199 2212 263 245

167 355 345 410 iniret
381 371 449 408 ac
484 371 680 408 rursus
711 356 844 408 ante
874 353 1019 408 alias
1047 354 1369 424 provincias
1398 354 1687 424 spoliaret,
1726 372 1897 425 quam
1932 355 2213 410 rationem

166 424 374 506 prioris
423 423 934 507 administrationis
979 425 1260 506 redderet.
1335 425 1577 506 Scaurus
1623 443 1900 508 summam
1944 426 2212 508 fiduciam

165 495 1619 636 ffissssfffffiagssimffissosszffifaoeflaffifflnffi.
1645 497 2212 623 ”Efiffl‘ttgssoefiss

169 637 265 692 Cn.
300 637 536 718 Pompei
573 639 828 702 fratrem3
871 653 1006 690 nam
1031 637 1300 705 Tertiam,
1340 637 1646 692 Scaevolae
1684 637 1879 706 filiam,
1918 638 2210 693 dimissam

164 726 204 763 a
237 708 508 778 Pompelo
545 707 607 762 in
642 707 1070 763 matrimonium
1107 707 1363 763 duxerat.
1438 708 1515 764 M.
1552 707 1827 764 Catonem
1864 712 2072 778 autem,
2110 709 2211 778 qui

161 779 228 832 id
254 778 548 846 iudicium,
586 779 653 832 ut
681 777 943 846 diximus,
974 779 1293 846 exercebat,
1321 779 1616 833 metuebat
1644 779 1952 834 admodum
1978 783 2211 851 propter

163 849 504 917 amicitiam,
552 865 698 918 quae
743 851 867 903 erat
911 848 1002 902 illi
1047 866 1176 903 cum
1211 849 1457 916 Triari03
1502 866 1637 903 nam
1672 849 1977 918 Flaminia,
2025 850 2211 905 Triari

162 923 364 988 mater,
404 922 464 975 et
498 921 623 989 ipse
658 919 910 973 Triarius
947 936 1201 975 sororem
1229 919 1462 975 Catonis
1492 919 1808 988 Serviliam,
1846 937 1991 990 quae
2027 923 2211 976 mater

165 991 242 1044 M.
279 991 446 1045 Bruti
489 990 627 1058 fuit,
674 989 1036 1045 familiariter
1081 989 1386 1060 diligebat3
1436 1007 1505 1044 ea
1538 1007 1706 1060 porro
1744 991 1899 1060 apud
1936 990 2211 1046 Catonem

164 1064 484 1116 maternam
537 1060 837 1116 obtinebat
893 1061 1309 1116 auctoritatem.
1394 1061 1505 1116 Sed
1559 1061 1615 1116 ei
1667 1062 1729 1116 in
1769 1061 1983 1117 iudicio
2026 1078 2209 1130 neque

164 1131 470 1202 Pompeius
528 1147 872 1202 propensum
941 1130 1289 1187 adiutorium
1350 1130 1618 1201 praebuit
1679 1130 2003 1201 (videbatur
2057 1133 2209 1186 enim

161 1202 626 1328 ffissiuffiiffi*
637 1219 712 1326 11?
715 1201 984 1328 1333...ssssss
1018 1201 2210 1342 '2⁰33ss.⁰1ffss}⁸33}²3?ffi;3¹ff{³33223s1231ffl

162 1344 348 1399 levius
403 1343 606 1398 fecisse
653 1343 1094 1411 existimaretur,
1150 1361 1279 1398 cum
1325 1359 1450 1397 eam
1496 1345 1617 1412 ipse
1660 1345 1984 1414 probasset,
2037 1361 2210 1412 quam

163 1413 392 1484 gratiae
430 1412 746 1482 adquisisse
784 1414 1219 1468 necessitudinis
1257 1417 1401 1481 iure,
1442 1415 1594 1482 quod
1630 1430 1701 1468 ex
1738 1414 1935 1469 eadem
1971 1417 2211 1483 uterque

161 1485 378 1540 liberos
424 1484 711 1553 haberet),
757 1501 942 1554 neque
989 1483 1127 1540 Cato
1167 1485 1240 1539 ab
1278 1486 1571 1553 aequitate
1608 1501 1703 1553 ea,
1752 1501 1898 1554 quae
1936 1487 1996 1539 et
2027 1484 2209 1540 vitam

164 1555 291 1610 eius
337 1558 400 1610 et
442 1555 844 1624 magistratum
891 1554 1056 1608 illum
1101 1556 1366 1623 decebat,
1415 1572 1699 1624 quoquam
1744 1555 1991 1611 deflexit.
2070 1555 2210 1611 Post

165 1626 321 1679 diem
361 1627 555 1679 autem
592 1627 881 1694 quartam,
929 1643 1100 1694 quam
1134 1627 1462 1696 postulatus
1501 1629 1625 1680 erat
1662 1626 1930 1695 Scaurus,
1967 1627 2207 1681 Faustus

165 1696 331 1751 Sulla
379 1699 503 1750 tum
559 1699 849 1764 quaestor,
905 1695 1057 1750 filius
1114 1697 1308 1752 Sullae
1365 1695 1599 1765 Felicis,
1655 1697 1833 1751 frater
1886 1714 1954 1752 ex
2009 1697 2209 1752 eadem

161 1769 351 1820 matre
389 1766 586 1822 Scauri
630 1767 724 1804 *³¹³*
769 1782 968 1821 servus
1015 1767 1136 1823 eius
1181 1768 1514 1822 vulneratus
1559 1767 1825 1836 prosiluit
1869 1785 1937 1822 ex
1986 1767 2206 1823 lecticis

164 1839 228 1892 et
273 1840 506 1906 questus
553 1840 640 1891 est
683 1854 787 1907 pro
836 1837 1183 1908 interempto
1229 1855 1355 1892 esse
1401 1837 1869 1907 competitoribus
1908 1839 2106 1893 Scauri
2150 1840 2209 1893 et

163 1908 458 2034 affibulare
496 1925 624 1963 cum
663 1927 760 1963 ccc
800 1909 1036 1965 armatis
1077 1926 1274 1979 seque,
1314 1909 1363 1964 si
1398 1924 1630 1965 necesse
1668 1911 1834 1977 esset,
1871 1909 1990 1964 vim
2024 1909 2085 1965 vi
2119 1925 2207 1965 re-

263 1998 473 2035 surum.

158 1998 200 2050 p
306 2051 696 2105 Defendenmt
725 2050 999 2105 Scaurum
1037 2067 1134 2105 sex
1170 2050 1416 2120 patroni,
1454 2067 1585 2103 cum
1622 2050 1696 2103 ad
1730 2050 1793 2103 id
1828 2053 2053 2120 tempus
2079 2038 2223 2105 raro*

161 2120 1714 2261 ἓῗὲίἯὲἛωΡῗὲξέἙἮηῗῑὲῗωᾳὲἶῗὲἒέοἔζέἳῖξῗέε
1742 2123 1831 2246 22².
1855 2120 2210 2262 ξὲἕὲθηῗίὶῗ

160 2263 416 2317 Fuerunt
461 2264 654 2317 autem
696 2263 759 2316 hi
806 2278 902 2317 sex
947 2262 1009 2317 P.
1057 2262 1290 2317 Clodius
1325 2261 1592 2329 Pulcher,
1640 2264 1714 2316 M.
1752 2263 2083 2332 Marcellus,
2130 2264 2203 2319 M.

161 2332 445 2401 Calidius,
492 2333 569 2387 M.
616 2331 838 2401 Cicero,
885 2334 962 2390 M.
1008 2333 1258 2387 Messala
1300 2333 1504 2403 Niger,
1553 2332 1615 2398 Q.
1651 2332 2005 2390 Hortensius.
2077 2334 2207 2404 Ipse

162 2419 388 2473 quoque
427 2404 678 2458 Scaurus
725 2402 872 2457 dixit
915 2420 1019 2473 pro
1065 2420 1126 2457 se
1171 2420 1238 2459 ac
1283 2420 1629 2472 magnopere
1671 2402 1887 2459 iudices
1932 2404 2114 2459 movit
2149 2406 2209 2459 et

163 2474 431 2543 squalore
469 2477 528 2529 et
575 2472 826 2529 lacrimis
874 2477 934 2527 et
983 2473 1302 2528 aedilitatis
1353 2474 1563 2528 effusae
1601 2474 1875 2529 memoria
1910 2491 1978 2529 ac
2012 2475 2207 2531 favore

159 2544 436 2616 populari
473 2560 540 2599 ac
577 2544 884 2615 praecipue
919 2547 1192 2615 paternae
1231 2544 1593 2599 auctoritatis
1628 2545 2035 2600 recordatione.

300 2832 366 2911 [1
383 2833 450 2912 a]
543 2829 831 2895 Maxime
885 2829 1015 2894 fuit
1063 2830 1424 2913 optandum
1474 2829 1561 2894 M.
1611 2828 1884 2915 Scauro,
1938 2775 2264 2914 iudices,}

155 2922 241 2983 ut
292 2919 476 2982 nullo
533 2921 842 3001 suscepto
901 2917 1287 3003 cuiusquam
1338 2919 1487 2983 odio
1537 2919 1676 2983 sine
1724 2918 2081 2983 offensione
2128 2940 2205 2983 ac

157 3008 470 3071 molestia
515 3007 857 3089 retineret,
902 3006 971 3070 id
1014 3006 1188 3090 quod
1232 3008 1581 3091 praecipue
1630 3028 1887 3091 semper
1932 3005 2205 3090 studuit,

156 3094 450 3180 generiS,
499 3094 818 3178 familiae,
871 3095 1160 3159 nominis
1219 3094 1629 3179 dignitatem.
1724 3092 2085 3180 (Auyustin.
2131 3096 2206 3159 de

87 3214 122 3254 5
157 3184 312 3247 rhet.
328 3204 398 3265 p.
427 3184 568 3247 150.
597 3185 678 3247 15
705 3183 937 3267 Halm,
981 3184 1175 3247 Aras.
1221 3184 1411 3248 Mass.
1444 3205 1515 3265 p.
1542 3187 1685 3247 508.
1716 3188 1757 3247 6
1782 3181 1897 3269 Κ.)

341 3270 419 3337 Si
471 3276 720 3355 partem
781 3271 1134 3344 honestatis,
1185 3277 1434 3353 partem
1489 3272 1892 3353 turpitudinis
1944 3270 2202 3355 habebit,
2221 3287 2253 3335 2

108 3380 116 3385 ·
140 3360 444 3444 partibus
518 3360 952 3425 benivolentiae
1011 3360 1294 3441 defensor
1354 3362 1555 3423 utitur
1617 3364 1675 3423 et
1736 3360 1813 3424 ab
1876 3380 1970 3439 eo,
2042 3362 2207 3442 quod

150 3448 478 3513 honestum
535 3449 606 3512 in
659 3442 847 3513 causo
888 3453 1102 3532 putat,
1155 3449 1377 3529 incipit
1384 3468 1407 3524 ;
1466 3449 1631 3529 quod
1676 3448 1837 3527 facit
1885 3450 1957 3513 in
2010 3448 2201 3514 Scau·

152 3538 368 3602 riam.
490 3536 803 3616 Quoniam
873 3541 1119 3618 partem
1198 3535 1535 3601 honestatis
1614 3535 1873 3601 habebat
1930 3556 2203 3620 persona
