<?xml version="1.0" encoding="UTF-8"?>
<!DOCTYPE html PUBLIC "-//W3C//DTD XHTML 1.0 Transitional//EN"
    "http://www.w3.org/TR/xhtml1/DTD/xhtml1-transitional.dtd">
<html xmlns="http://www.w3.org/1999/xhtml" xml:lang="en" lang="en">
 <head>
  <title>
</title>
<meta http-equiv="Content-Type" content="text/html;charset=utf-8" />
  <meta name='ocr-system' content='tesseract 3.04.00' />
  <meta name='ocr-capabilities' content='ocr_page ocr_carea ocr_par ocr_line ocrx_word'/>
</head>
<body>
  <div class='ocr_page' id='page_1' title='image "./scriptaquaemans00mlgoog_0332.png"; bbox 0 0 2550 3875; ppageno 0'>
   <div class='ocr_carea' id='block_1_1' title="bbox 303 151 1733 221">
    <p class='ocr_par' dir='ltr' id='par_1_1' title="bbox 303 151 1733 221">
     <span class='ocr_line' id='line_1_1' title="bbox 303 151 1733 221; baseline -0.008 0"><span class='ocrx_word' id='word_1_1' title='bbox 303 156 434 221; x_wconf 87' lang='grc'><strong>196</strong></span> <span class='ocrx_word' id='word_1_2' title='bbox 863 153 944 208; x_wconf 83' lang='lat' dir='ltr'><strong>IN</strong></span> <span class='ocrx_word' id='word_1_3' title='bbox 979 155 1042 209; x_wconf 89' lang='lat' dir='ltr'><strong>L.</strong></span> <span class='ocrx_word' id='word_1_4' title='bbox 1081 151 1407 210; x_wconf 78' lang='lat' dir='ltr'>PISONEM</span> <span class='ocrx_word' id='word_1_5' title='bbox 1444 152 1733 210; x_wconf 78' lang='lat' dir='ltr'><strong>ORATIO.</strong></span> 
     </span>
    </p>
   </div>
   <div class='ocr_carea' id='block_1_2' title="bbox 197 313 2513 3594">
    <p class='ocr_par' dir='ltr' id='par_1_2' title="bbox 299 313 2441 1456">
     <span class='ocr_line' id='line_1_2' title="bbox 299 313 2357 400; baseline -0.001 -17"><span class='ocrx_word' id='word_1_6' title='bbox 299 317 552 383; x_wconf 85' lang='lat' dir='ltr'><strong>Romae</strong></span> <span class='ocrx_word' id='word_1_7' title='bbox 598 317 670 381; x_wconf 89' lang='lat' dir='ltr'><strong>in</strong></span> <span class='ocrx_word' id='word_1_8' title='bbox 716 319 994 400; x_wconf 89' lang='lat' dir='ltr'><strong>quaestu</strong></span> <span class='ocrx_word' id='word_1_9' title='bbox 1041 314 1415 399; x_wconf 77' lang='lat' dir='ltr'><strong>reliquisti?</strong></span> <span class='ocrx_word' id='word_1_10' title='bbox 1465 313 1721 393; x_wconf 87' lang='lat' dir='ltr'><strong>Nonne,</strong></span> <span class='ocrx_word' id='word_1_11' title='bbox 1767 337 1917 380; x_wconf 90' lang='lat' dir='ltr'><strong>cum</strong></span> <span class='ocrx_word' id='word_1_12' title='bbox 1964 331 2050 380; x_wconf 86' lang='lat' dir='ltr'><strong>cc</strong></span> <span class='ocrx_word' id='word_1_13' title='bbox 2087 315 2357 380; x_wconf 85' lang='lat' dir='ltr'><strong>talenta</strong></span> 
     </span>
     <span class='ocr_line' id='line_1_3' title="bbox 301 401 2352 489; baseline -0 -19"><span class='ocrx_word' id='word_1_14' title='bbox 301 406 428 470; x_wconf 92' lang='lat' dir='ltr'><strong>tibi</strong></span> <span class='ocrx_word' id='word_1_15' title='bbox 456 403 920 489; x_wconf 73' lang='lat' dir='ltr'><strong>Apolloniatae</strong></span> <span class='ocrx_word' id='word_1_16' title='bbox 947 401 1199 468; x_wconf 85' lang='lat' dir='ltr'><strong>Romae</strong></span> <span class='ocrx_word' id='word_1_17' title='bbox 1227 403 1575 486; x_wconf 77' lang='lat' dir='ltr'><strong>dedissent,</strong></span> <span class='ocrx_word' id='word_1_18' title='bbox 1608 424 1692 467; x_wconf 91' lang='lat' dir='ltr'><strong>ne</strong></span> <span class='ocrx_word' id='word_1_19' title='bbox 1719 402 2030 486; x_wconf 76' lang='lat' dir='ltr'><strong>pecunias</strong></span> <span class='ocrx_word' id='word_1_20' title='bbox 2060 404 2352 469; x_wconf 85' lang='lat' dir='ltr'><strong>creditas</strong></span> 
     </span>
     <span class='ocr_line' id='line_1_4' title="bbox 303 489 2353 576; baseline -0.001 -18"><span class='ocrx_word' id='word_1_21' title='bbox 303 493 650 576; x_wconf 83' lang='lat' dir='ltr'><strong>solverent,</strong></span> <span class='ocrx_word' id='word_1_22' title='bbox 685 492 863 557; x_wconf 87' lang='lat' dir='ltr'><strong>ultro</strong></span> <span class='ocrx_word' id='word_1_23' title='bbox 893 489 1242 574; x_wconf 88' lang='lat' dir='ltr'><strong>Fufidium,</strong></span> <span class='ocrx_word' id='word_1_24' title='bbox 1270 491 1562 575; x_wconf 90' lang='lat' dir='ltr'><strong>equitem</strong></span> <span class='ocrx_word' id='word_1_25' title='bbox 1590 489 1979 576; x_wconf 86' lang='lat' dir='ltr'><strong>Romanum,</strong></span> <span class='ocrx_word' id='word_1_26' title='bbox 2003 492 2353 556; x_wconf 89' lang='lat' dir='ltr'><strong>hominem</strong></span> 
     </span>
     <span class='ocr_line' id='line_1_5' title="bbox 302 578 2351 664; baseline -0.001 -18"><span class='ocrx_word' id='word_1_27' title='bbox 302 581 824 664; x_wconf 89' lang='lat' dir='ltr'><strong>ornatissimum,</strong></span> <span class='ocrx_word' id='word_1_28' title='bbox 879 579 1269 645; x_wconf 90' lang='lat' dir='ltr'><strong>creditorem</strong></span> <span class='ocrx_word' id='word_1_29' title='bbox 1324 578 1733 644; x_wconf 86' lang='lat' dir='ltr'><strong>debitoribus</strong></span> <span class='ocrx_word' id='word_1_30' title='bbox 1790 579 1927 644; x_wconf 87' lang='lat' dir='ltr'><strong>suis</strong></span> <span class='ocrx_word' id='word_1_31' title='bbox 1986 579 2351 645; x_wconf 78' lang='lat' dir='ltr'><strong>addixisti?</strong></span> 
     </span>
     <span class='ocr_line' id='line_1_6' title="bbox 300 666 2441 752; baseline 0 -18"><span class='ocrx_word' id='word_1_32' title='bbox 300 667 555 748; x_wconf 89' lang='lat' dir='ltr'><strong>Nonne,</strong></span> <span class='ocrx_word' id='word_1_33' title='bbox 580 669 858 733; x_wconf 89' lang='lat' dir='ltr'><strong>hiberna</strong></span> <span class='ocrx_word' id='word_1_34' title='bbox 884 689 1034 732; x_wconf 93' lang='lat' dir='ltr'><strong>cum</strong></span> <span class='ocrx_word' id='word_1_35' title='bbox 1061 667 1285 752; x_wconf 85' lang='lat' dir='ltr'><strong>legato</strong></span> <span class='ocrx_word' id='word_1_36' title='bbox 1312 666 1772 751; x_wconf 84' lang='lat' dir='ltr'><strong>praefectoque</strong></span> <span class='ocrx_word' id='word_1_37' title='bbox 1801 671 1918 733; x_wconf 90' lang='lat' dir='ltr'><strong>tuo</strong></span> <span class='ocrx_word' id='word_1_38' title='bbox 1938 666 2349 752; x_wconf 86' lang='lat' dir='ltr'><strong>tradidisses,</strong></span> <span class='ocrx_word' id='word_1_39' title='bbox 2410 695 2441 734; x_wconf 83' lang='lat'>5</span> 
     </span>
     <span class='ocr_line' id='line_1_7' title="bbox 301 755 2352 839; baseline -0.001 -17"><span class='ocrx_word' id='word_1_40' title='bbox 301 757 600 822; x_wconf 85' lang='lat' dir='ltr'><strong>evertisti</strong></span> <span class='ocrx_word' id='word_1_41' title='bbox 654 756 929 821; x_wconf 88' lang='lat' dir='ltr'><strong>miseras</strong></span> <span class='ocrx_word' id='word_1_42' title='bbox 984 755 1283 820; x_wconf 88' lang='lat' dir='ltr'><strong>funditus</strong></span> <span class='ocrx_word' id='word_1_43' title='bbox 1340 755 1671 839; x_wconf 74' lang='lat' dir='ltr'><strong>civitateS,</strong></span> <span class='ocrx_word' id='word_1_44' title='bbox 1727 776 1893 839; x_wconf 72' lang='lat' dir='ltr'><strong>quae</strong></span> <span class='ocrx_word' id='word_1_45' title='bbox 1945 777 2082 822; x_wconf 94' lang='lat' dir='ltr'><strong>non</strong></span> <span class='ocrx_word' id='word_1_46' title='bbox 2127 755 2352 820; x_wconf 88' lang='lat' dir='ltr'><strong>solum</strong></span> 
     </span>
     <span class='ocr_line' id='line_1_8' title="bbox 299 843 2353 927; baseline -0 -17"><span class='ocrx_word' id='word_1_47' title='bbox 299 845 493 911; x_wconf 90' lang='lat' dir='ltr'><strong>bonis</strong></span> <span class='ocrx_word' id='word_1_48' title='bbox 560 848 713 909; x_wconf 90' lang='lat' dir='ltr'><strong>sunt</strong></span> <span class='ocrx_word' id='word_1_49' title='bbox 778 843 1159 927; x_wconf 85' lang='lat' dir='ltr'><strong>exhaustae,</strong></span> <span class='ocrx_word' id='word_1_50' title='bbox 1223 844 1338 908; x_wconf 88' lang='lat' dir='ltr'><strong>sed</strong></span> <span class='ocrx_word' id='word_1_51' title='bbox 1402 844 1603 908; x_wconf 91' lang='lat' dir='ltr'><strong>etiam</strong></span> <span class='ocrx_word' id='word_1_52' title='bbox 1653 843 1938 909; x_wconf 85' lang='lat' dir='ltr'><strong>nefarias</strong></span> <span class='ocrx_word' id='word_1_53' title='bbox 1992 843 2353 909; x_wconf 83' lang='lat' dir='ltr'><strong>libidinum</strong></span> 
     </span>
     <span class='ocr_line' id='line_1_9' title="bbox 303 931 2351 1016; baseline -0 -18"><span class='ocrx_word' id='word_1_54' title='bbox 303 933 735 998; x_wconf 83' lang='lat' dir='ltr'><strong>contumelias</strong></span> <span class='ocrx_word' id='word_1_55' title='bbox 808 932 1378 1016; x_wconf 87' lang='lat' dir='ltr'><strong>turpitudinesque</strong></span> <span class='ocrx_word' id='word_1_56' title='bbox 1454 931 1840 997; x_wconf 79' lang='lat' dir='ltr'><strong>subierunt?</strong></span> <span class='ocrx_word' id='word_1_57' title='bbox 1914 932 2045 1008; x_wconf 79' lang='lat' dir='ltr'><strong>Qui</strong></span> <span class='ocrx_word' id='word_1_58' title='bbox 2107 933 2351 997; x_wconf 85' lang='lat' dir='ltr'><strong>modus</strong></span> 
     </span>
     <span class='ocr_line' id='line_1_10' title="bbox 301 1018 2351 1105; baseline -0.001 -19"><span class='ocrx_word' id='word_1_59' title='bbox 301 1020 430 1086; x_wconf 92' lang='lat' dir='ltr'><strong>tibi</strong></span> <span class='ocrx_word' id='word_1_60' title='bbox 473 1020 602 1085; x_wconf 85' lang='lat' dir='ltr'><strong>fuit</strong></span> <span class='ocrx_word' id='word_1_61' title='bbox 645 1018 959 1084; x_wconf 83' lang='lat' dir='ltr'><strong>frumenti</strong></span> <span class='ocrx_word' id='word_1_62' title='bbox 996 1019 1400 1102; x_wconf 87' lang='lat' dir='ltr'><strong>aestimandi,</strong></span> <span class='ocrx_word' id='word_1_63' title='bbox 1447 1019 1560 1104; x_wconf 91' lang='lat' dir='ltr'><strong>qui</strong></span> <span class='ocrx_word' id='word_1_64' title='bbox 1593 1020 1974 1085; x_wconf 79' lang='lat' dir='ltr'><strong>honorarii?</strong></span> <span class='ocrx_word' id='word_1_65' title='bbox 2021 1020 2351 1105; x_wconf 89' lang='lat' dir='ltr'><strong>siquidem</strong></span> 
     </span>
     <span class='ocr_line' id='line_1_11' title="bbox 300 1108 2439 1193; baseline -0 -18"><span class='ocrx_word' id='word_1_66' title='bbox 300 1113 523 1193; x_wconf 87' lang='lat' dir='ltr'><strong>potest</strong></span> <span class='ocrx_word' id='word_1_67' title='bbox 593 1108 661 1173; x_wconf 85' lang='lat' dir='ltr'><strong>vi</strong></span> <span class='ocrx_word' id='word_1_68' title='bbox 733 1111 802 1172; x_wconf 89' lang='lat' dir='ltr'><strong>et</strong></span> <span class='ocrx_word' id='word_1_69' title='bbox 873 1111 1053 1172; x_wconf 89' lang='lat' dir='ltr'><strong>metu</strong></span> <span class='ocrx_word' id='word_1_70' title='bbox 1117 1111 1448 1172; x_wconf 85' lang='lat' dir='ltr'><strong>extortum</strong></span> <span class='ocrx_word' id='word_1_71' title='bbox 1508 1108 1933 1173; x_wconf 87' lang='lat' dir='ltr'><strong>honorarium</strong></span> <span class='ocrx_word' id='word_1_72' title='bbox 1994 1108 2348 1173; x_wconf 88' lang='lat' dir='ltr'><strong>nominari.</strong></span> <span class='ocrx_word' id='word_1_73' title='bbox 2382 1135 2439 1174; x_wconf 84' lang='grc' dir='ltr'><strong>ιο</strong></span> 
     </span>
     <span class='ocr_line' id='line_1_12' title="bbox 302 1195 2350 1281; baseline -0.001 -19"><span class='ocrx_word' id='word_1_74' title='bbox 302 1197 492 1273; x_wconf 80' lang='lat' dir='ltr'><strong>Quod</strong></span> <span class='ocrx_word' id='word_1_75' title='bbox 540 1219 688 1262; x_wconf 93' lang='lat' dir='ltr'><strong>cum</strong></span> <span class='ocrx_word' id='word_1_76' title='bbox 731 1217 1052 1280; x_wconf 90' lang='lat' dir='ltr'><strong>peraeque</strong></span> <span class='ocrx_word' id='word_1_77' title='bbox 1101 1217 1345 1279; x_wconf 90' lang='lat' dir='ltr'><strong>omnes,</strong></span> <span class='ocrx_word' id='word_1_78' title='bbox 1394 1199 1538 1260; x_wconf 92' lang='lat' dir='ltr'><strong>tum</strong></span> <span class='ocrx_word' id='word_1_79' title='bbox 1574 1195 1991 1261; x_wconf 82' lang='lat' dir='ltr'><strong>acerbissime</strong></span> <span class='ocrx_word' id='word_1_80' title='bbox 2028 1195 2350 1281; x_wconf 90' lang='lat' dir='ltr'><strong>Bottiaei,</strong></span> 
     </span>
     <span class='ocr_line' id='line_1_13' title="bbox 300 1281 2351 1370; baseline -0 -20"><span class='ocrx_word' id='word_1_81' title='bbox 300 1284 632 1370; x_wconf 85' lang='lat' dir='ltr'><strong>Byzantii,</strong></span> <span class='ocrx_word' id='word_1_82' title='bbox 697 1281 1215 1368; x_wconf 83' lang='lat' dir='ltr'><strong>Cherronensus,</strong></span> <span class='ocrx_word' id='word_1_83' title='bbox 1287 1283 1752 1349; x_wconf 87' lang='lat' dir='ltr'><strong>Thessalonica</strong></span> <span class='ocrx_word' id='word_1_84' title='bbox 1824 1284 2049 1349; x_wconf 85' lang='lat' dir='ltr'><strong>sensit.</strong></span> <span class='ocrx_word' id='word_1_85' title='bbox 2151 1283 2351 1349; x_wconf 86' lang='lat' dir='ltr'><strong>Unus</strong></span> 
     </span>
     <span class='ocr_line' id='line_1_14' title="bbox 302 1371 2353 1456; baseline -0 -18"><span class='ocrx_word' id='word_1_86' title='bbox 302 1377 378 1438; x_wconf 91' lang='lat' dir='ltr'><strong>tu</strong></span> <span class='ocrx_word' id='word_1_87' title='bbox 431 1373 761 1456; x_wconf 88' lang='lat' dir='ltr'><strong>dominus,</strong></span> <span class='ocrx_word' id='word_1_88' title='bbox 815 1393 984 1436; x_wconf 90' lang='lat' dir='ltr'><strong>unus</strong></span> <span class='ocrx_word' id='word_1_89' title='bbox 1040 1371 1453 1456; x_wconf 90' lang='lat' dir='ltr'><strong>aestimator,</strong></span> <span class='ocrx_word' id='word_1_90' title='bbox 1506 1393 1675 1436; x_wconf 89' lang='lat' dir='ltr'><strong>unus</strong></span> <span class='ocrx_word' id='word_1_91' title='bbox 1730 1372 2033 1437; x_wconf 85' lang='lat' dir='ltr'><strong>venditor</strong></span> <span class='ocrx_word' id='word_1_92' title='bbox 2080 1375 2229 1437; x_wconf 90' lang='lat' dir='ltr'><strong>tota</strong></span> <span class='ocrx_word' id='word_1_93' title='bbox 2273 1373 2353 1437; x_wconf 91' lang='lat' dir='ltr'><strong>in</strong></span> 
     </span>
    </p>

    <p class='ocr_par' dir='ltr' id='par_1_3' title="bbox 197 1433 2513 2689">
     <span class='ocr_line' id='line_1_15' title="bbox 197 1433 2349 1574; baseline -0 -48"><span class='ocrx_word' id='word_1_94' title='bbox 197 1433 281 1574; x_wconf 55' lang='lat'><strong>3843</strong></span> <span class='ocrx_word' id='word_1_95' title='bbox 301 1461 641 1546; x_wconf 85' lang='lat' dir='ltr'><strong>provincia</strong></span> <span class='ocrx_word' id='word_1_96' title='bbox 683 1481 803 1544; x_wconf 90' lang='lat' dir='ltr'><strong>per</strong></span> <span class='ocrx_word' id='word_1_97' title='bbox 848 1459 1204 1561; x_wconf 79' lang='lat' dir='ltr'><strong>triennium</strong></span> <span class='ocrx_word' id='word_1_98' title='bbox 1248 1459 1565 1561; x_wconf 77' lang='lat' dir='ltr'><strong>frumenti</strong></span> <span class='ocrx_word' id='word_1_99' title='bbox 1611 1460 1823 1525; x_wconf 89' lang='lat' dir='ltr'><strong>omnis</strong></span> <span class='ocrx_word' id='word_1_100' title='bbox 1870 1460 2077 1526; x_wconf 86' lang='lat' dir='ltr'><strong>fuisti.</strong></span> <span class='ocrx_word' id='word_1_101' title='bbox 2142 1548 2155 1561; x_wconf 90' lang='lat'><strong>.</strong></span> <span class='ocrx_word' id='word_1_102' title='bbox 2170 1459 2349 1536; x_wconf 84' lang='lat' dir='ltr'><strong>Quid</strong></span> 
     </span>
     <span class='ocr_line' id='line_1_16' title="bbox 301 1548 2435 1721; baseline 0 -19"><span class='ocrx_word' id='word_1_103' title='bbox 301 1569 864 1720; x_wconf 53' lang='lat' dir='ltr'><strong>ssegffenssssffiessffp</strong></span> <span class='ocrx_word' id='word_1_104' title='bbox 867 1548 1341 1701; x_wconf 54' lang='lat'><strong>{5323322333</strong></span> <span class='ocrx_word' id='word_1_105' title='bbox 1344 1553 1936 1721; x_wconf 59' lang='lat' dir='ltr'><strong>⁸⁴⁶33¹1ff1⁸132t33133²3¹²</strong></span> <span class='ocrx_word' id='word_1_106' title='bbox 1945 1552 2349 1702; x_wconf 61' lang='lat'><strong>1533123222‘332</strong></span> <span class='ocrx_word' id='word_1_107' title='bbox 2379 1575 2435 1615; x_wconf 82' lang='lat'><strong>¹⁵</strong></span> 
     </span>
     <span class='ocr_line' id='line_1_17' title="bbox 304 1723 2350 1809; baseline 0 -19"><span class='ocrx_word' id='word_1_108' title='bbox 304 1725 504 1790; x_wconf 88' lang='lat' dir='ltr'><strong>simas</strong></span> <span class='ocrx_word' id='word_1_109' title='bbox 555 1724 980 1788; x_wconf 87' lang='lat' dir='ltr'><strong>liberationes</strong></span> <span class='ocrx_word' id='word_1_110' title='bbox 1026 1724 1402 1808; x_wconf 80' lang='lat' dir='ltr'><strong>proferam?</strong></span> <span class='ocrx_word' id='word_1_111' title='bbox 1458 1723 1746 1789; x_wconf 81' lang='lat' dir='ltr'><strong>Tantum</strong></span> <span class='ocrx_word' id='word_1_112' title='bbox 1789 1724 2009 1790; x_wconf 89' lang='lat' dir='ltr'><strong>locum</strong></span> <span class='ocrx_word' id='word_1_113' title='bbox 2054 1725 2350 1809; x_wconf 91' lang='lat' dir='ltr'><strong>aliquem</strong></span> 
     </span>
     <span class='ocr_line' id='line_1_18' title="bbox 303 1811 2350 1899; baseline 0 -21"><span class='ocrx_word' id='word_1_114' title='bbox 303 1835 452 1878; x_wconf 92' lang='lat' dir='ltr'><strong>cum</strong></span> <span class='ocrx_word' id='word_1_115' title='bbox 515 1811 681 1876; x_wconf 91' lang='lat' dir='ltr'><strong>mihi</strong></span> <span class='ocrx_word' id='word_1_116' title='bbox 742 1817 978 1877; x_wconf 88' lang='lat' dir='ltr'><strong>notum</strong></span> <span class='ocrx_word' id='word_1_117' title='bbox 1043 1833 1185 1877; x_wconf 89' lang='lat' dir='ltr'><strong>esse</strong></span> <span class='ocrx_word' id='word_1_118' title='bbox 1248 1812 1531 1882; x_wconf 83' lang='lat' dir='ltr'><strong>senseris</strong></span> <span class='ocrx_word' id='word_1_119' title='bbox 1542 1863 1560 1897; x_wconf 91' lang='lat'><strong>,</strong></span> <span class='ocrx_word' id='word_1_120' title='bbox 1622 1816 1844 1878; x_wconf 90' lang='lat' dir='ltr'><strong>tecum</strong></span> <span class='ocrx_word' id='word_1_121' title='bbox 1897 1812 2040 1897; x_wconf 90' lang='lat' dir='ltr'><strong>ipse</strong></span> <span class='ocrx_word' id='word_1_122' title='bbox 2094 1813 2350 1899; x_wconf 86' lang='lat' dir='ltr'><strong>licebit,</strong></span> 
     </span>
     <span class='ocr_line' id='line_1_19' title="bbox 304 1899 2349 1987; baseline 0.001 -21"><span class='ocrx_word' id='word_1_123' title='bbox 304 1904 467 1987; x_wconf 87' lang='lat' dir='ltr'><strong>quot</strong></span> <span class='ocrx_word' id='word_1_124' title='bbox 519 1900 587 1965; x_wconf 85' lang='lat' dir='ltr'><strong>in</strong></span> <span class='ocrx_word' id='word_1_125' title='bbox 633 1921 709 1965; x_wconf 87' lang='lat' dir='ltr'><strong>eo</strong></span> <span class='ocrx_word' id='word_1_126' title='bbox 756 1920 995 1986; x_wconf 86' lang='lat' dir='ltr'><strong>genere</strong></span> <span class='ocrx_word' id='word_1_127' title='bbox 1041 1904 1108 1965; x_wconf 92' lang='lat' dir='ltr'><strong>et</strong></span> <span class='ocrx_word' id='word_1_128' title='bbox 1156 1905 1403 1985; x_wconf 91' lang='lat' dir='ltr'><strong>quanta</strong></span> <span class='ocrx_word' id='word_1_129' title='bbox 1450 1899 1583 1965; x_wconf 89' lang='lat' dir='ltr'><strong>sint</strong></span> <span class='ocrx_word' id='word_1_130' title='bbox 1631 1901 1931 1987; x_wconf 91' lang='lat' dir='ltr'><strong>crimina,</strong></span> <span class='ocrx_word' id='word_1_131' title='bbox 1986 1901 2349 1969; x_wconf 88' lang='lat' dir='ltr'><strong>recordere.</strong></span> 
     </span>
     <span class='ocr_line' id='line_1_20' title="bbox 305 1988 2435 2075; baseline 0 -20"><span class='ocrx_word' id='word_1_132' title='bbox 305 1989 518 2067; x_wconf 79' lang='lat' dir='ltr'><strong>Quid?</strong></span> <span class='ocrx_word' id='word_1_133' title='bbox 556 1988 742 2053; x_wconf 89' lang='lat' dir='ltr'><strong>illam</strong></span> <span class='ocrx_word' id='word_1_134' title='bbox 779 2010 1112 2054; x_wconf 87' lang='lat' dir='ltr'><strong>armorum</strong></span> <span class='ocrx_word' id='word_1_135' title='bbox 1150 1988 1483 2054; x_wconf 89' lang='lat' dir='ltr'><strong>officinam</strong></span> <span class='ocrx_word' id='word_1_136' title='bbox 1510 1990 1743 2073; x_wconf 91' lang='lat' dir='ltr'><strong>ecquid</strong></span> <span class='ocrx_word' id='word_1_137' title='bbox 1769 1990 2154 2075; x_wconf 89' lang='lat' dir='ltr'><strong>recordaris,</strong></span> <span class='ocrx_word' id='word_1_138' title='bbox 2192 2011 2349 2056; x_wconf 88' lang='lat' dir='ltr'><strong>cum</strong></span> <span class='ocrx_word' id='word_1_139' title='bbox 2376 2018 2435 2057; x_wconf 81' lang='lat'><strong>20</strong></span> 
     </span>
     <span class='ocr_line' id='line_1_21' title="bbox 305 2076 2349 2162; baseline 0.001 -20"><span class='ocrx_word' id='word_1_140' title='bbox 305 2078 483 2142; x_wconf 91' lang='lat' dir='ltr'><strong>omni</strong></span> <span class='ocrx_word' id='word_1_141' title='bbox 511 2076 720 2142; x_wconf 87' lang='lat' dir='ltr'><strong>totius</strong></span> <span class='ocrx_word' id='word_1_142' title='bbox 748 2076 1124 2161; x_wconf 87' lang='lat' dir='ltr'><strong>provinciae</strong></span> <span class='ocrx_word' id='word_1_143' title='bbox 1152 2098 1386 2161; x_wconf 91' lang='lat' dir='ltr'><strong>pecore</strong></span> <span class='ocrx_word' id='word_1_144' title='bbox 1416 2078 1754 2162; x_wconf 91' lang='lat' dir='ltr'><strong>compulso</strong></span> <span class='ocrx_word' id='word_1_145' title='bbox 1782 2078 2054 2162; x_wconf 90' lang='lat' dir='ltr'><strong>pellium</strong></span> <span class='ocrx_word' id='word_1_146' title='bbox 2077 2078 2349 2144; x_wconf 90' lang='lat' dir='ltr'><strong>nomine</strong></span> 
     </span>
     <span class='ocr_line' id='line_1_22' title="bbox 305 2164 2350 2250; baseline 0 -19"><span class='ocrx_word' id='word_1_147' title='bbox 305 2187 564 2231; x_wconf 91' lang='lat' dir='ltr'><strong>omnem</strong></span> <span class='ocrx_word' id='word_1_148' title='bbox 598 2170 947 2249; x_wconf 88' lang='lat' dir='ltr'><strong>quaestum</strong></span> <span class='ocrx_word' id='word_1_149' title='bbox 975 2164 1163 2229; x_wconf 92' lang='lat' dir='ltr'><strong>illum</strong></span> <span class='ocrx_word' id='word_1_150' title='bbox 1193 2166 1626 2231; x_wconf 90' lang='lat' dir='ltr'><strong>domesticum</strong></span> <span class='ocrx_word' id='word_1_151' title='bbox 1652 2169 2129 2250; x_wconf 88' lang='lat' dir='ltr'><strong>paternumque</strong></span> <span class='ocrx_word' id='word_1_152' title='bbox 2156 2188 2350 2231; x_wconf 91' lang='lat' dir='ltr'><strong>reno-</strong></span> 
     </span>
     <span class='ocr_line' id='line_1_23' title="bbox 301 2252 2348 2338; baseline 0.001 -20"><span class='ocrx_word' id='word_1_153' title='bbox 301 2254 520 2319; x_wconf 78' lang='lat' dir='ltr'><strong>vasti?</strong></span> <span class='ocrx_word' id='word_1_154' title='bbox 575 2252 856 2318; x_wconf 88' lang='lat' dir='ltr'><strong>Videras</strong></span> <span class='ocrx_word' id='word_1_155' title='bbox 912 2253 1087 2317; x_wconf 90' lang='lat' dir='ltr'><strong>enim</strong></span> <span class='ocrx_word' id='word_1_156' title='bbox 1143 2254 1409 2338; x_wconf 85' lang='lat' dir='ltr'><strong>grandis</strong></span> <span class='ocrx_word' id='word_1_157' title='bbox 1465 2253 1600 2318; x_wconf 92' lang='lat' dir='ltr'><strong>iam</strong></span> <span class='ocrx_word' id='word_1_158' title='bbox 1653 2276 1817 2338; x_wconf 90' lang='lat' dir='ltr'><strong>puer</strong></span> <span class='ocrx_word' id='word_1_159' title='bbox 1870 2254 2046 2319; x_wconf 91' lang='lat' dir='ltr'><strong>bello</strong></span> <span class='ocrx_word' id='word_1_160' title='bbox 2103 2254 2348 2320; x_wconf 90' lang='lat' dir='ltr'><strong>Italico</strong></span> 
     </span>
     <span class='ocr_line' id='line_1_24' title="bbox 303 2340 2348 2426; baseline 0 -20"><span class='ocrx_word' id='word_1_161' title='bbox 303 2340 542 2426; x_wconf 91' lang='lat' dir='ltr'><strong>repleri</strong></span> <span class='ocrx_word' id='word_1_162' title='bbox 617 2346 894 2425; x_wconf 89' lang='lat' dir='ltr'><strong>quaestu</strong></span> <span class='ocrx_word' id='word_1_163' title='bbox 955 2346 1246 2405; x_wconf 80' lang='lat' dir='ltr'><strong>vestram</strong></span> <span class='ocrx_word' id='word_1_164' title='bbox 1310 2342 1602 2426; x_wconf 93' lang='lat' dir='ltr'><strong>domum,</strong></span> <span class='ocrx_word' id='word_1_165' title='bbox 1674 2364 1823 2407; x_wconf 90' lang='lat' dir='ltr'><strong>cum</strong></span> <span class='ocrx_word' id='word_1_166' title='bbox 1884 2346 2075 2425; x_wconf 91' lang='lat' dir='ltr'><strong>pater</strong></span> <span class='ocrx_word' id='word_1_167' title='bbox 2138 2344 2348 2408; x_wconf 88' lang='lat' dir='ltr'><strong>armis</strong></span> 
     </span>
     <span class='ocr_line' id='line_1_25' title="bbox 303 2428 2513 2515; baseline 0.002 -22"><span class='ocrx_word' id='word_1_168' title='bbox 303 2429 616 2494; x_wconf 89' lang='lat' dir='ltr'><strong>faciendis</strong></span> <span class='ocrx_word' id='word_1_169' title='bbox 663 2433 817 2494; x_wconf 92' lang='lat' dir='ltr'><strong>tuus</strong></span> <span class='ocrx_word' id='word_1_170' title='bbox 862 2428 1275 2513; x_wconf 86' lang='lat' dir='ltr'><strong>praefuisset.</strong></span> <span class='ocrx_word' id='word_1_171' title='bbox 1368 2429 1586 2505; x_wconf 79' lang='lat' dir='ltr'><strong>Quid?</strong></span> <span class='ocrx_word' id='word_1_172' title='bbox 1643 2429 2038 2515; x_wconf 81' lang='lat' dir='ltr'><strong>vectigalem</strong></span> <span class='ocrx_word' id='word_1_173' title='bbox 2082 2430 2348 2514; x_wconf 84' lang='lat' dir='ltr'><strong>provin-</strong></span> <span class='ocrx_word' id='word_1_174' title='bbox 2376 2457 2433 2498; x_wconf 78' lang='lat'><strong>25</strong></span> <span class='ocrx_word' id='word_1_175' title='bbox 2510 2428 2513 2485; x_wconf 58' lang='grc' dir='ltr'>ί</span> 
     </span>
     <span class='ocr_line' id='line_1_26' title="bbox 305 2516 2511 2602; baseline 0 -19"><span class='ocrx_word' id='word_1_176' title='bbox 305 2518 474 2583; x_wconf 92' lang='lat' dir='ltr'><strong>ciam</strong></span> <span class='ocrx_word' id='word_1_177' title='bbox 520 2516 798 2602; x_wconf 84' lang='lat' dir='ltr'><strong>singulis</strong></span> <span class='ocrx_word' id='word_1_178' title='bbox 847 2518 1070 2601; x_wconf 90' lang='lat' dir='ltr'><strong>rebus,</strong></span> <span class='ocrx_word' id='word_1_179' title='bbox 1117 2538 1562 2601; x_wconf 90' lang='lat' dir='ltr'><strong>quaecumque</strong></span> <span class='ocrx_word' id='word_1_180' title='bbox 1608 2518 1925 2602; x_wconf 85' lang='lat' dir='ltr'><strong>venirent,</strong></span> <span class='ocrx_word' id='word_1_181' title='bbox 1971 2522 2150 2583; x_wconf 88' lang='lat' dir='ltr'><strong>certo</strong></span> <span class='ocrx_word' id='word_1_182' title='bbox 2194 2541 2348 2602; x_wconf 90' lang='lat' dir='ltr'><strong>por·</strong></span> <span class='ocrx_word' id='word_1_183' title='bbox 2508 2518 2511 2597; x_wconf 52' lang='lat' dir='ltr'><strong>l</strong></span> 
     </span>
     <span class='ocr_line' id='line_1_27' title="bbox 304 2604 2351 2689; baseline 0.001 -20"><span class='ocrx_word' id='word_1_184' title='bbox 304 2606 476 2671; x_wconf 90' lang='lat' dir='ltr'><strong>torio</strong></span> <span class='ocrx_word' id='word_1_185' title='bbox 542 2605 858 2689; x_wconf 91' lang='lat' dir='ltr'><strong>imposito</strong></span> <span class='ocrx_word' id='word_1_186' title='bbox 924 2605 1128 2670; x_wconf 85' lang='lat' dir='ltr'><strong>servis</strong></span> <span class='ocrx_word' id='word_1_187' title='bbox 1193 2606 1329 2670; x_wconf 88' lang='lat' dir='ltr'><strong>tuis</strong></span> <span class='ocrx_word' id='word_1_188' title='bbox 1397 2604 1817 2688; x_wconf 85' lang='lat' dir='ltr'><strong>[publicanis]</strong></span> <span class='ocrx_word' id='word_1_189' title='bbox 1880 2628 1921 2671; x_wconf 90' lang='lat' dir='ltr'><strong>a</strong></span> <span class='ocrx_word' id='word_1_190' title='bbox 1975 2609 2041 2671; x_wconf 90' lang='lat' dir='ltr'><strong>te</strong></span> <span class='ocrx_word' id='word_1_191' title='bbox 2095 2605 2351 2672; x_wconf 88' lang='lat' dir='ltr'><strong>factam</strong></span> 
     </span>
    </p>

    <p class='ocr_par' dir='ltr' id='par_1_4' title="bbox 214 2692 2494 3594">
     <span class='ocr_line' id='line_1_28' title="bbox 214 2692 2349 2778; baseline 0 -18"><span class='ocrx_word' id='word_1_192' title='bbox 214 2710 284 2761; x_wconf 83' lang='grc'><strong>88</strong></span> <span class='ocrx_word' id='word_1_193' title='bbox 305 2715 447 2758; x_wconf 88' lang='lat' dir='ltr'><strong>esse</strong></span> <span class='ocrx_word' id='word_1_194' title='bbox 511 2692 916 2758; x_wconf 80' lang='lat' dir='ltr'><strong>meministi?</strong></span> <span class='ocrx_word' id='word_1_195' title='bbox 992 2692 1207 2769; x_wconf 78' lang='lat' dir='ltr'><strong>Quid?</strong></span> <span class='ocrx_word' id='word_1_196' title='bbox 1272 2693 1677 2758; x_wconf 88' lang='lat' dir='ltr'><strong>centuriatus</strong></span> <span class='ocrx_word' id='word_1_197' title='bbox 1739 2694 1962 2778; x_wconf 86' lang='lat' dir='ltr'><strong>palam</strong></span> <span class='ocrx_word' id='word_1_198' title='bbox 2022 2694 2349 2777; x_wconf 81' lang='lat' dir='ltr'><strong>venditos,</strong></span> 
     </span>
     <span class='ocr_line' id='line_1_29' title="bbox 305 2780 2348 2868; baseline 0 -22"><span class='ocrx_word' id='word_1_199' title='bbox 305 2781 506 2865; x_wconf 80' lang='lat' dir='ltr'><strong>quid?</strong></span> <span class='ocrx_word' id='word_1_200' title='bbox 560 2803 678 2865; x_wconf 91' lang='lat' dir='ltr'><strong>per</strong></span> <span class='ocrx_word' id='word_1_201' title='bbox 732 2784 922 2846; x_wconf 93' lang='lat' dir='ltr'><strong>tuum</strong></span> <span class='ocrx_word' id='word_1_202' title='bbox 979 2780 1310 2845; x_wconf 85' lang='lat' dir='ltr'><strong>servulum</strong></span> <span class='ocrx_word' id='word_1_203' title='bbox 1366 2781 1623 2846; x_wconf 84' lang='lat' dir='ltr'><strong>ordines</strong></span> <span class='ocrx_word' id='word_1_204' title='bbox 1681 2782 2054 2868; x_wconf 84' lang='lat' dir='ltr'><strong>assignatos</strong></span> <span class='ocrx_word' id='word_1_205' title='bbox 2063 2832 2082 2867; x_wconf 91' lang='lat'><strong>,</strong></span> <span class='ocrx_word' id='word_1_206' title='bbox 2140 2782 2348 2866; x_wconf 80' lang='lat' dir='ltr'><strong>quid?</strong></span> 
     </span>
     <span class='ocr_line' id='line_1_30' title="bbox 304 2868 2429 2954; baseline 0.002 -20"><span class='ocrx_word' id='word_1_207' title='bbox 304 2869 705 2954; x_wconf 88' lang='lat' dir='ltr'><strong>stipendium</strong></span> <span class='ocrx_word' id='word_1_208' title='bbox 770 2868 1093 2933; x_wconf 89' lang='lat' dir='ltr'><strong>militibus</strong></span> <span class='ocrx_word' id='word_1_209' title='bbox 1148 2890 1267 2953; x_wconf 91' lang='lat' dir='ltr'><strong>per</strong></span> <span class='ocrx_word' id='word_1_210' title='bbox 1322 2890 1546 2934; x_wconf 91' lang='lat' dir='ltr'><strong>omnes</strong></span> <span class='ocrx_word' id='word_1_211' title='bbox 1604 2891 1808 2935; x_wconf 88' lang='lat' dir='ltr'><strong>annos</strong></span> <span class='ocrx_word' id='word_1_212' title='bbox 1865 2892 1906 2934; x_wconf 90' lang='lat' dir='ltr'><strong>a</strong></span> <span class='ocrx_word' id='word_1_213' title='bbox 1959 2870 2346 2937; x_wconf 84' lang='lat' dir='ltr'><strong>civitatibus</strong></span> <span class='ocrx_word' id='word_1_214' title='bbox 2374 2900 2429 2939; x_wconf 72' lang='lat' dir='ltr'><strong>so</strong></span> 
     </span>
     <span class='ocr_line' id='line_1_31' title="bbox 303 2955 2348 3042; baseline 0.001 -21"><span class='ocrx_word' id='word_1_215' title='bbox 303 2958 548 3022; x_wconf 87' lang='lat' dir='ltr'><strong>mensis</strong></span> <span class='ocrx_word' id='word_1_216' title='bbox 595 2956 817 3041; x_wconf 91' lang='lat' dir='ltr'><strong>palam</strong></span> <span class='ocrx_word' id='word_1_217' title='bbox 861 2955 1219 3040; x_wconf 89' lang='lat' dir='ltr'><strong>propositis</strong></span> <span class='ocrx_word' id='word_1_218' title='bbox 1269 2978 1411 3022; x_wconf 87' lang='lat' dir='ltr'><strong>esse</strong></span> <span class='ocrx_word' id='word_1_219' title='bbox 1454 2959 1916 3023; x_wconf 80' lang='lat' dir='ltr'><strong>numeratum?</strong></span> <span class='ocrx_word' id='word_1_220' title='bbox 1978 2958 2179 3042; x_wconf 80' lang='lat' dir='ltr'><strong>quid?</strong></span> <span class='ocrx_word' id='word_1_221' title='bbox 2226 2959 2348 3026; x_wconf 91' lang='lat' dir='ltr'><strong>illa</strong></span> 
     </span>
     <span class='ocr_line' id='line_1_32' title="bbox 301 3044 2346 3131; baseline 0.002 -22"><span class='ocrx_word' id='word_1_222' title='bbox 301 3045 374 3109; x_wconf 91' lang='lat' dir='ltr'><strong>in</strong></span> <span class='ocrx_word' id='word_1_223' title='bbox 409 3045 701 3109; x_wconf 93' lang='lat' dir='ltr'><strong>Pontum</strong></span> <span class='ocrx_word' id='word_1_224' title='bbox 736 3044 1058 3128; x_wconf 88' lang='lat' dir='ltr'><strong>profectio</strong></span> <span class='ocrx_word' id='word_1_225' title='bbox 1097 3048 1166 3109; x_wconf 86' lang='lat' dir='ltr'><strong>et</strong></span> <span class='ocrx_word' id='word_1_226' title='bbox 1203 3049 1477 3110; x_wconf 88' lang='lat' dir='ltr'><strong>conatus</strong></span> <span class='ocrx_word' id='word_1_227' title='bbox 1514 3049 1689 3131; x_wconf 88' lang='lat' dir='ltr'><strong>tuus,</strong></span> <span class='ocrx_word' id='word_1_228' title='bbox 1726 3046 1926 3131; x_wconf 80' lang='lat' dir='ltr'><strong>quid?</strong></span> <span class='ocrx_word' id='word_1_229' title='bbox 1969 3045 2346 3113; x_wconf 90' lang='lat' dir='ltr'><strong>debilitatio</strong></span> 
     </span>
     <span class='ocr_line' id='line_1_33' title="bbox 304 3132 2346 3220; baseline 0.001 -22"><span class='ocrx_word' id='word_1_230' title='bbox 304 3137 504 3217; x_wconf 88' lang='lat' dir='ltr'><strong>atque</strong></span> <span class='ocrx_word' id='word_1_231' title='bbox 541 3132 823 3197; x_wconf 86' lang='lat' dir='ltr'><strong>abiectio</strong></span> <span class='ocrx_word' id='word_1_232' title='bbox 864 3132 1065 3196; x_wconf 87' lang='lat' dir='ltr'><strong>animi</strong></span> <span class='ocrx_word' id='word_1_233' title='bbox 1102 3132 1204 3196; x_wconf 91' lang='lat' dir='ltr'><strong>tui</strong></span> <span class='ocrx_word' id='word_1_234' title='bbox 1238 3132 1624 3198; x_wconf 89' lang='lat' dir='ltr'><strong>Macedonia</strong></span> <span class='ocrx_word' id='word_1_235' title='bbox 1656 3134 1987 3218; x_wconf 88' lang='lat' dir='ltr'><strong>praetoria</strong></span> <span class='ocrx_word' id='word_1_236' title='bbox 2020 3134 2346 3220; x_wconf 84' lang='lat' dir='ltr'><strong>nuntiata,</strong></span> 
     </span>
     <span class='ocr_line' id='line_1_34' title="bbox 306 3220 2347 3307; baseline 0.002 -23"><span class='ocrx_word' id='word_1_237' title='bbox 306 3242 455 3285; x_wconf 93' lang='lat' dir='ltr'><strong>cum</strong></span> <span class='ocrx_word' id='word_1_238' title='bbox 499 3224 577 3285; x_wconf 88' lang='lat' dir='ltr'><strong>tu</strong></span> <span class='ocrx_word' id='word_1_239' title='bbox 619 3242 755 3286; x_wconf 92' lang='lat' dir='ltr'><strong>non</strong></span> <span class='ocrx_word' id='word_1_240' title='bbox 799 3220 1040 3304; x_wconf 88' lang='lat' dir='ltr'><strong>solum,</strong></span> <span class='ocrx_word' id='word_1_241' title='bbox 1094 3221 1267 3304; x_wconf 93' lang='lat' dir='ltr'><strong>quod</strong></span> <span class='ocrx_word' id='word_1_242' title='bbox 1312 3221 1441 3286; x_wconf 90' lang='lat' dir='ltr'><strong>tibi</strong></span> <span class='ocrx_word' id='word_1_243' title='bbox 1486 3222 1961 3307; x_wconf 89' lang='lat' dir='ltr'><strong>succederetur,</strong></span> <span class='ocrx_word' id='word_1_244' title='bbox 2007 3222 2123 3287; x_wconf 88' lang='lat' dir='ltr'><strong>sed</strong></span> <span class='ocrx_word' id='word_1_245' title='bbox 2168 3225 2347 3307; x_wconf 91' lang='lat' dir='ltr'><strong>quod</strong></span> 
     </span>
     <span class='ocr_line' id='line_1_35' title="bbox 308 3306 2425 3395; baseline 0.005 -26"><span class='ocrx_word' id='word_1_246' title='bbox 308 3306 592 3372; x_wconf 88' lang='lat' dir='ltr'><strong>Gabinio</strong></span> <span class='ocrx_word' id='word_1_247' title='bbox 637 3329 772 3372; x_wconf 93' lang='lat' dir='ltr'><strong>non</strong></span> <span class='ocrx_word' id='word_1_248' title='bbox 817 3307 1288 3394; x_wconf 87' lang='lat' dir='ltr'><strong>succederetur,</strong></span> <span class='ocrx_word' id='word_1_249' title='bbox 1337 3310 1686 3395; x_wconf 82' lang='lat' dir='ltr'><strong>exsanguis</strong></span> <span class='ocrx_word' id='word_1_250' title='bbox 1733 3314 1802 3374; x_wconf 86' lang='lat' dir='ltr'><strong>et</strong></span> <span class='ocrx_word' id='word_1_251' title='bbox 1846 3314 2147 3375; x_wconf 88' lang='lat' dir='ltr'><strong>mortuus</strong></span> <span class='ocrx_word' id='word_1_252' title='bbox 2195 3333 2345 3377; x_wconf 90' lang='lat' dir='ltr'><strong>con·</strong></span> <span class='ocrx_word' id='word_1_253' title='bbox 2370 3340 2425 3380; x_wconf 72' lang='lat'><strong>³5</strong></span> 
     </span>
     <span class='ocr_line' id='line_1_36' title="bbox 309 3394 2494 3485; baseline 0.004 -29"><span class='ocrx_word' id='word_1_254' title='bbox 309 3394 554 3477; x_wconf 90' lang='lat' dir='ltr'><strong>cidisti,</strong></span> <span class='ocrx_word' id='word_1_255' title='bbox 611 3395 812 3478; x_wconf 80' lang='lat' dir='ltr'><strong>quid?</strong></span> <span class='ocrx_word' id='word_1_256' title='bbox 868 3399 1178 3479; x_wconf 89' lang='lat' dir='ltr'><strong>quaestor</strong></span> <span class='ocrx_word' id='word_1_257' title='bbox 1231 3397 1547 3463; x_wconf 88' lang='lat' dir='ltr'><strong>aediliciis</strong></span> <span class='ocrx_word' id='word_1_258' title='bbox 1602 3397 1862 3463; x_wconf 88' lang='lat' dir='ltr'><strong>reiectis</strong></span> <span class='ocrx_word' id='word_1_259' title='bbox 1906 3397 2347 3485; x_wconf 86' lang='lat' dir='ltr'><strong>praepositus,</strong></span> <span class='ocrx_word' id='word_1_260' title='bbox 2492 3396 2494 3484; x_wconf 53' lang='lat' dir='ltr'><strong>l</strong></span> 
     </span>
     <span class='ocr_line' id='line_1_37' title="bbox 305 3478 2492 3594; baseline 0.005 -52"><span class='ocrx_word' id='word_1_261' title='bbox 305 3478 678 3563; x_wconf 86' lang='lat' dir='ltr'><strong>legatorum</strong></span> <span class='ocrx_word' id='word_1_262' title='bbox 743 3486 1010 3547; x_wconf 87' lang='lat' dir='ltr'><strong>tuorum</strong></span> <span class='ocrx_word' id='word_1_263' title='bbox 1067 3484 1356 3568; x_wconf 88' lang='lat' dir='ltr'><strong>optimus</strong></span> <span class='ocrx_word' id='word_1_264' title='bbox 1412 3486 1531 3551; x_wconf 89' lang='lat' dir='ltr'><strong>abs</strong></span> <span class='ocrx_word' id='word_1_265' title='bbox 1585 3489 1654 3550; x_wconf 89' lang='lat' dir='ltr'><strong>te</strong></span> <span class='ocrx_word' id='word_1_266' title='bbox 1710 3486 1982 3570; x_wconf 91' lang='lat' dir='ltr'><strong>quisque</strong></span> <span class='ocrx_word' id='word_1_267' title='bbox 2037 3486 2346 3574; x_wconf 85' lang='lat' dir='ltr'><strong>violatus,</strong></span> <span class='ocrx_word' id='word_1_268' title='bbox 2490 3506 2492 3594; x_wconf 36' lang='lat' dir='ltr'><strong>l</strong></span> 
     </span>
    </p>
   </div>
   <div class='ocr_carea' id='block_1_3' title="bbox 2454 3608 2491 3853">
    <p class='ocr_par' dir='ltr' id='par_1_5' title="bbox 2454 3608 2491 3853">
     <span class='ocr_line' id='line_1_38' title="bbox 2454 3608 2491 3853; baseline 0 0"><span class='ocrx_word' id='word_1_269' title='bbox 2454 3608 2491 3853; x_wconf 60' lang='lat' dir='ltr'><strong>l</strong></span> 
     </span>
    </p>
   </div>
  </div>
 </body>
</html>
