2550 3875
6 519 17 558 l

841 168 995 224 CAP.
1036 175 1174 224 7—9
1213 175 1243 236 5
1286 175 1350 224 18
1390 175 1548 224 —24.
2064 171 2193 236 211

161 329 422 414 equites
475 328 786 414 Romani,
841 333 946 396 tot
1010 331 1260 396 tribuni
1320 331 1557 397 aerarii
1615 327 1796 418 (nam
1850 332 2112 416 plebem
2156 355 2199 397 a

159 419 405 484 iudicio
461 418 859 502 dimisimus,
914 439 1079 502 quae
1135 422 1373 484 cuncta
1416 419 1703 484 comitiis
1750 419 1991 506 adfixit)
2039 421 2197 504 quid

161 507 464 607 roboris,
519 505 676 591 quid
739 506 1088 592 dignitatis
1149 506 1347 572 huius
1408 507 1719 591 petitioni
1782 508 2195 574 attulerunt?

103 593 318 660 ·Non
363 594 538 660 enim
583 595 835 659 tribum
869 593 1265 678 Teretinam,
1310 595 1389 660 de
1436 617 1566 695 qua
1605 595 1821 660 dicam
1858 595 1988 660 alio
2027 597 2193 682 loc0,

85 700 132 740 5
161 683 277 748 sed
332 683 742 768 dignitatem,
787 683 902 748 sed
949 683 1289 748 oculorum
1330 682 1716 768 coniectum,
1764 684 1877 748 sed
1914 684 2193 750 solidam

159 775 230 837 et
299 771 644 836 robustam
705 773 776 834 et
839 769 1170 835 assiduam
1231 769 1670 871 frequentiam
1731 772 2191 855 praebuenmt.

157 858 412 924 Nostra
457 857 814 942 municipia
861 857 1319 924 coniunctione
1364 858 1567 924 etiam
1609 859 1969 924 vicinitatis
2007 861 2193 926 vehe-
2211 891 2251 954 9

159 951 415 1012 menter
459 949 823 1012 moventur.
903 945 1158 1029 Omnia,
1205 967 1371 1030 quae
1408 929 1555 1012 dico
1594 947 1671 1012 de
1708 947 1999 1032 Planci0,
2044 947 2190 1015 dico
2210 981 2277 1028 22

160 1039 466 1120 expertus
530 1034 601 1099 in
661 1034 883 1119 nobis3
946 1055 1172 1100 sumus
1231 1035 1408 1100 enim
1462 1034 1731 1100 finitimi
1784 1035 2191 1102 Atinatibus.

8 1141 10 1180 ε
75 1148 131 1188 ιο
158 1123 514 1188 Laudanda
586 1126 690 1187 est
755 1122 860 1187 vel
923 1121 1128 1186 etiam
1192 1122 1471 1187 amanda
1530 1123 1837 1188 vicinitas
1899 1123 2189 1190 retinens

156 1216 446 1277 veterem
509 1210 701 1274 illum
766 1209 968 1276 officii
1030 1232 1284 1275 morem
1350 1233 1485 1276 non
1538 1209 1868 1277 infuscata
1923 1212 2192 1277 malivo—

154 1301 382 1383 lentia,
425 1321 561 1363 non
606 1299 880 1363 adsueta
925 1298 1297 1382 mendaciis,
1341 1320 1478 1364 non
1511 1298 1756 1383 fucosa,
1800 1321 1937 1366 non
1971 1299 2191 1384 fallax,

153 1411 290 1453 non
349 1387 608 1452 erudita
662 1385 942 1451 artificio
999 1349 1441 1451 simulationis
1495 1388 1599 1452 vel
1654 1350 2031 1452 suburbano
2083 1389 2190 1452 vel

155 1476 360 1541 etiam
422 1475 696 1539 urbano.
784 1473 998 1538 Nemo
1052 1473 1341 1558 Arpinas
1397 1496 1534 1541 non
1585 1474 1857 1540 Plancio
1914 1475 2187 1560 studuit,

70 1587 126 1628 15
152 1584 351 1629 nemo
391 1561 700 1645 Soranus,
733 1583 926 1627 nemo
966 1559 1258 1647 Casinas,
1292 1584 1487 1628 nemo
1526 1562 1841 1647 Aquinas.
1910 1563 2187 1629 Tractus

153 1653 268 1716 ille
317 1650 776 1716 celeberrimus
823 1649 1262 1734 Venafranus,
1314 1650 1673 1733 Allifanus,
1719 1655 1865 1716 tota
1910 1651 2187 1736 denique

151 1743 387 1805 nostra
438 1738 557 1803 illa
610 1759 843 1822 aspera
897 1741 966 1803 et
1019 1743 1372 1804 montuosa
1422 1743 1490 1803 et
1534 1702 1747 1804 fidelis
1793 1743 1863 1804 et
1909 1739 2189 1824 simplex

54 1901 58 1904 ,
155 1831 225 1892 et
277 1826 526 1892 fautrix
580 1847 848 1891 suorum
901 1826 1085 1911 regio
1141 1848 1210 1891 se
1264 1827 1461 1893 huius
1513 1827 1763 1892 honore
1814 1827 2062 1912 ornari,
2117 1849 2187 1893 se

155 1916 384 2002 augeri
421 1915 742 2002 dignitate
779 1914 1246 1999 arbitrabatur,
1282 1915 1617 2000 isdemque
1653 1938 1828 1981 nunc
1864 1938 1944 1981 ex
1980 1916 2187 1981 muni-

67 2003 1254 2158 ²⁰52133335321303q33223ffl
1298 2004 2186 2176 {fflssiffiffiuffissgeafiffi

150 2186 294 2246 tum
332 2184 520 2245 erant
555 2180 792 2245 studi0.
851 2179 1120 2244 Etenim
1157 2183 1261 2245 est
1296 2180 1563 2265 gravius
1600 2180 1872 2263 spoliari
1899 2179 2185 2245 fortunis

149 2292 348 2353 quam
391 2290 528 2334 non
572 2268 798 2353 augeri
840 2268 1180 2353 dignitate.
1252 2267 1455 2353 Erg0,
1499 2271 1577 2332 ut
1614 2268 1745 2333 alia
1779 2268 1850 2331 in
1884 2272 1952 2332 te
1989 2272 2180 2334 erant
2198 2282 2267 2331 23

149 2357 542 2441 illustriora,
597 2355 1003 2437 Laterensis,
1049 2377 1216 2439 quae
1262 2355 1390 2420 tibi
1436 2356 1718 2421 maiores
1765 2356 1865 2421 tui
1911 2356 2186 2440 relique—

63 2466 122 2507 25
151 2449 321 2530 rant,
367 2446 461 2510 sic
507 2450 576 2509 te
612 2443 920 2509 Plancius
965 2444 1093 2508 hoc
1128 2466 1263 2508 non
1300 2444 1516 2508 solum
1554 2444 1910 2529 municipii,
1955 2467 2184 2510 verum

150 2534 352 2599 etiam
405 2532 769 2598 vicinitatis
820 2553 1056 2617 genere
1101 2532 1433 2617 vincebat3
1484 2532 1616 2596 nisi
1659 2531 1833 2597 forte
1880 2536 1945 2597 te
1991 2531 2183 2597 Labi-

149 2644 313 2687 cana
376 2626 492 2687 aut
547 2619 806 2685 Gabina
868 2624 982 2684 aut
1035 2619 1381 2685 Bovillana
1442 2620 1751 2685 vicinitas
1810 2620 2181 2705 adiuvabat,

149 2710 389 2794 quibus
463 2731 500 2773 e
573 2707 946 2793 municipiis
987 2708 1122 2771 vix
1184 2708 1345 2792 iam,
1419 2708 1533 2791 qui
1596 2730 1858 2773 carnem
1921 2707 2179 2773 Latinis

145 2801 397 2883 petant,
442 2797 873 2880 reperiuntur.
964 2794 1439 2881 Adiungamus,
1486 2796 1543 2860 si
1588 2796 1707 2880 vis,
1752 2795 1837 2880 id,
1884 2796 2058 2896 quod
2102 2801 2181 2860 tu

60 2907 118 2947 30
144 2886 300 2950 huic
337 2886 568 2949 obesse
605 2884 807 2949 etiam
843 2888 1059 2968 putas,
1094 2888 1352 2968 patrem
1388 2884 1843 2968 publicanum3
1877 2884 1989 2967 qui
2020 2883 2179 2948 ordo

148 2978 394 3057 quanto
425 2973 801 3037 adiumento
831 2972 922 3037 sit
947 2972 1017 3037 ιιι
1043 2972 1312 3056 honore,
1342 2972 1489 3056 quis
1517 2972 1773 3038 nescit?
1819 2970 1977 3036 Flos
2004 2971 2178 3035 enim

145 3060 444 3163 equitum
470 3060 936 3143 Romanorum,
975 3063 1434 3126 ornamentum
1469 3060 1777 3144 civitatis,
1811 3060 2179 3124 firmamen-

143 3154 290 3213 tum
325 3150 422 3213 rei
449 3149 749 3233 publicae
775 3111 1275 3233 publicanorum
1306 3148 1531 3213 ordine
1560 3147 1951 3214 continetur.
2015 3146 2175 3223 Quis
2196 3161 2265 3209 24

144 3243 247 3302 est
301 3237 536 3323 igitur,
591 3238 716 3321 qui.
756 3240 956 3322 neget
1011 3236 1256 3302 ordinis
1314 3236 1453 3301 eius
1510 3236 1803 3301 studium
1854 3234 2059 3299 fuisse
2105 3235 2177 3300 ιιι

57 3346 114 3387 ³⁵
141 3326 390 3391 honore
419 3325 647 3390 Planci
685 3324 1060 3411 singulare?
1124 3324 1357 3408 Neque
1393 3324 1651 3408 iniuria,
1686 3324 1791 3388 vel
1831 3322 2003 3407 quod
2033 3328 2175 3389 erat

143 3418 334 3498 pater
377 3413 462 3497 is,
510 3413 624 3497 qui
670 3416 772 3477 est
815 3412 1119 3497 princeps
1166 3412 1301 3477 iam
1348 3412 1458 3476 diu
1502 3412 2025 3497 publicanorum,
2068 3413 2173 3477 vel

145 3502 318 3585 quod
372 3501 432 3567 is
479 3502 563 3565 ab
611 3500 806 3565 sociis
851 3501 1040 3566 unice
1087 3502 1487 3586 diligebatur
1531 3501 1636 3566 vel
1682 3500 1857 3585 quod
1904 3500 2172 3587 diligen—

1736 3602 1843 3659 14*
