2550 3875
914 139 1065 193 CAP.
1106 145 1245 192 4—6
1285 147 1312 205 5
1355 145 1577 194 12—18.
1963 121 1967 130 ’
2101 140 2234 209 471

198 301 448 366 vincias
524 301 601 364 de
674 301 903 385 populi
968 301 1248 365 Romani
1321 300 1596 384 imperio
1664 301 1958 382 sustulit,
2029 321 2234 386 regna

200 389 452 454 addixit
488 389 780 473 pecunia,
816 390 995 474 leges
1034 388 1291 452 civitati
1327 410 1446 472 per
1480 389 1614 452 vim
1652 389 1985 472 imposuit,
2032 389 2231 452 armis

200 482 319 541 aut
383 476 639 560 opsedit
694 481 809 541 aut
864 477 1140 541 exclusit
1196 480 1520 540 senatum.
1575 480 1651 540 ut
1707 475 1893 559 haec,
1947 476 2235 561 inquam,
2307 481 2314 488 '

202 565 528 650 omittam,
573 585 654 629 ne
700 565 825 629 hoc
869 565 1128 649 quidem
1167 565 1496 649 cogitatiS,
1535 586 1701 642 eum,
1739 565 1851 648 qui
1889 563 2234 648 Mutinam,

142 680 171 720 5
204 653 527 718 coloniam
568 653 796 736 populi
833 653 1112 717 Romani
1149 652 1611 736 firmissimam,
1659 653 2071 737 oppugnarit,
2117 653 2233 716 im-

200 745 593 826 peratorem
617 741 845 824 populi
892 740 1200 824 Romani,
1255 741 1590 805 consulem
1636 740 2075 825 designatum,
2124 763 2232 824 op-

202 828 471 913 sederit,
519 829 951 912 depopulatus
1000 850 1195 913 agros
1242 829 1357 911 sit,
1409 827 1581 893 hunc
1627 826 1699 892 in
1744 850 1890 892 eum
1940 827 2231 893 ordinem

200 917 424 1001 recipi,
470 939 510 980 a
556 938 683 999 quo
732 918 975 982 totiens
1021 918 1105 981 ob
1152 917 1273 980 has
1321 917 1497 1000 ipsas
1546 937 1772 980 causas
1817 916 2031 980 hostis
2070 917 2233 980 iudi-

205 1010 392 1071 catus
440 1005 546 1090 sit,
593 1027 789 1088 quam
834 1004 1097 1069 foedum
1143 1004 1674 1089 flagitiosumque
1722 1003 1858 1068 sit‘?

116 1121 173 1160 10
342 1091 516 1158 Satis
573 1095 783 1157 multa
835 1093 912 1157 de
969 1092 1394 1177 turpitudine.
1482 1091 1716 1156 Dicam
1771 1092 2070 1175 deinceps
2080 1143 2097 1175 ,
2152 1096 2228 1156 ut
2253 1105 2318 1152 16

202 1181 535 1266 proposui,
582 1181 658 1244 de
702 1181 1020 1264 pericu103
1068 1180 1239 1264 quod
1287 1181 1412 1245 etsi
1457 1180 1672 1245 minus
1711 1183 1813 1244 est
1849 1179 2230 1264 fugiendum

204 1291 404 1354 quam
448 1269 805 1370 turpitudo,
852 1273 1074 1334 tamen
1121 1269 1389 1333 offendit
1427 1269 1678 1332 animos
1717 1267 1986 1331 maioris
2021 1269 2228 1351 partis

201 1358 546 1424 hominum
600 1357 828 1442 magiS.
919 1356 1230 1421 Poteritis
1285 1356 1492 1442 igitur
1539 1357 1944 1439 exploratam
1989 1354 2229 1420 habere
2251 1356 2290 1420 6

201 1468 450 1530 pacem,
496 1467 645 1510 cum
688 1445 759 1509 in
804 1445 1068 1510 civitate
1114 1445 1479 1509 Antonium
1524 1444 1830 1509 videbitis
1867 1444 1970 1508 vel
2006 1442 2228 1527 potius

115 1560 173 1601 15
204 1533 577 1598 Antonios?
650 1532 799 1597 Nisi
871 1533 1043 1597 forte
1110 1533 1527 1598 contemnitis
1597 1531 1898 1616 Lucium,
1962 1553 2084 1616 ego
2148 1554 2230 1596 ne

206 1620 445 1685 Gaium
502 1621 778 1705 quidem.
872 1619 1027 1704 Sed,
1081 1625 1157 1685 ut
1211 1621 1424 1704 video,
1481 1620 1924 1685 dominabitur
1968 1619 2228 1684 Lucius,

200 1709 330 1774 Est
359 1709 533 1774 enim
559 1714 874 1793 patronus
905 1708 1188 1792 quinque
1217 1713 1286 1772 et
1313 1708 1588 1794 triginta
1616 1709 1926 1792 tribuum,
1955 1730 2230 1792 quarum

203 1820 323 1862 sua
375 1798 521 1882 lege
532 1848 549 1880 ,
619 1819 747 1881 qua
803 1819 951 1861 cum
1006 1795 1075 1862 O.
1132 1795 1408 1862 Caesare
1463 1797 1891 1881 magistratus
1945 1795 2228 1878 partitus

204 1891 333 1970 est,
398 1885 781 1971 suffragium
829 1884 1126 1968 sustulit,
1187 1889 1505 1969 patronus
1563 1883 2002 1949 centuriarum
2058 1885 2231 1969 equi-

116 1998 174 2041 20
203 1980 348 2039 111111
393 1973 857 2057 Romanorum,
899 1996 1060 2057 quas
1098 1974 1259 2038 item
1298 1974 1434 2037 sine
1474 1972 1784 2058 suffragio
1825 1994 1965 2037 6336
2002 1973 2229 2056 voluit,

200 2068 519 2147 patronus
549 2084 791 2145 eorum,
830 2063 941 2144 qui
970 2062 1218 2126 tribuni
1248 2060 1564 2125 militares
1594 2060 1875 2144 fuerunt,
1912 2064 2226 2144 patronus

199 2151 349 2215 Iani
408 2149 621 2215 medii.
720 2148 880 2225 Quis
934 2150 1128 2214 huius
1181 2150 1547 2233 potentiam
1600 2150 1845 2233 poterit
1890 2148 2230 2233 sustinere,
2255 2170 2316 2217 17

199 2238 592 2323 praesertim
656 2260 803 2302 cum
868 2238 1127 2303 eosdem
1189 2238 1258 2301 in
1323 2259 1516 2323 agros
1583 2238 1780 2301 etiam
1847 2237 2228 2302 deduxerit?

204 2326 351 2411 quis
415 2348 725 2411 umquam
782 2348 1005 2391 omnes
1062 2326 1302 2409 tribus,
1368 2326 1513 2409 quis
1569 2326 1820 2409 equites
1878 2325 2230 2409 Romanoa

118 2443 174 2481 25
206 2415 353 2498 quis
392 2415 691 2479 tribunos
730 2414 1080 2478 militaris?
1156 2412 1600 2478 Gracchorum
1635 2415 1997 2497 potentiam
2031 2414 2229 2479 maio-

202 2524 343 2567 rem
390 2502 591 2567 fuisse
639 2502 1067 2586 arbitramini,
1114 2525 1308 2586 quam
1352 2502 1549 2567 huius
1587 2503 1971 2587 gladiatoris
2008 2502 2231 2566 futura

204 2591 339 2655 sit‘?
387 2612 579 2675 quem
624 2590 1054 2675 gladiatorem
1099 2612 1229 2653 non
1272 2590 1368 2653 ita
1405 2591 1745 2673 appellavi,
1790 2594 1866 2653 ut
1903 2589 2229 2653 interdum

204 2680 401 2743 etiam
457 2678 545 2742 M.
600 2678 926 2743 Antonius
982 2678 1308 2763 gladiator
1362 2678 1684 2761 appellari·
1733 2678 1930 2761 solet,
1987 2677 2098 2741 sed
2153 2683 2228 2741 ut

206 2767 538 2851 appellant
584 2766 651 2851 ii,
698 2766 810 2850 qui
854 2767 1045 2850 plane
1092 2770 1160 2830 et
1203 2764 1437 2829 Latine
1484 2767 1804 2831 locuntur.
1894 2765 2227 2848 Myrmillo

118 2883 177 2923 80
208 2858 276 2919 in
295 2854 457 2919 Asia
483 2854 895 2939 depugnavit.
960 2852 1123 2919 Cum
1156 2858 1452 2917 ornasset
1479 2853 1891 2918 thraecidicis
1922 2853 2228 2917 comitem

206 2947 273 3008 et
299 2942 687 3007 familiarem
716 2965 921 3026 suum,
949 2942 1135 3006 illum
1166 2942 1474 3005 miserum
1502 2942 1865 3026 fugientem
1888 2941 2228 3025 iugulavit,

202 3032 603 3096 luculentam
666 3034 887 3094 tamen
950 3032 1091 3113 ipse
1154 3031 1419 3114 plagam
1475 3030 1750 3113 accepit,
1813 3033 1888 3094 ut
1943 3029 2230 3093 declarat

206 3120 495 3185 cicatrix,
588 3118 713 3195 Qui
760 3118 1151 3183 familiarem
1195 3118 1538 3203 iugularit,
1585 3118 1740 3202 quid
1784 3117 1843 3181 is
1890 3118 2226 3182 occasione
2253 3138 2317 3187 18

207 3208 361 3272 data
408 3206 602 3271 faciet
648 3207 957 3271 inimico?
1014 3210 1080 3271 61
1127 3206 1239 3289 qui
1285 3207 1447 3270 illud
1492 3205 1694 3269 animi
1742 3227 1938 3270 causa
1981 3204 2227 3289 fecerit,

122 3320 180 3362 35
207 3297 380 3360 hunc
452 3296 727 3378 praedae
804 3316 998 3360 causa
1070 3295 1225 3376 quid
1290 3294 1617 3358 facturum
1679 3293 1972 3377 putatis?
2075 3292 2230 3358 Non

208 3404 432 3448 rursus
495 3383 831 3467 improbos
896 3382 1284 3467 decuriabit,
1354 3403 1486 3446 11011
1553 3382 1940 3446 sollicitabit
2002 3404 2226 3446 rursus

208 3471 525 3557 agrarios,
580 3492 712 3535 non
768 3474 1074 3554 queretur
1128 3471 1475 3553 expulsos?
1565 3469 1654 3534 M.
1702 3492 1852 3535 vero
1900 3470 2228 3535 Antonius
