2550 3875
870 173 1022 227 CAP.
1065 178 1273 228 16—18
1311 181 1341 242 ς
1378 178 1605 229 32—37.
2106 174 2235 236 549

203 338 470 400 mento
518 331 829 398 iuvero?
921 332 1058 397 Alii
1103 334 1276 398 istuc
1320 337 1591 418 negant3
1655 354 1777 418 ego
1824 355 2005 417 vero,
2049 355 2132 397 ne
2180 333 2237 398 si

206 424 346 488 ista
390 421 652 506 quidem
697 421 954 505 feceris,
1009 442 1321 504 umquam
1356 425 1574 486 tecum
1617 442 1843 505 pacem
1888 421 2041 486 huic
2088 421 2238 485 civi-

205 515 338 575 tati
391 510 682 574 futuram
734 512 916 592 puto.
1008 508 1282 583 ‘QuidP
1337 508 1479 574 hoc
1533 509 1891 592 placetne
1939 513 2238 574 vetera-

203 599 332 662 nis
391 598 606 682 istis,
672 597 951 680 quibus
1010 597 1253 661 adhuc
1310 597 1565 660 omnia
1616 597 1933 682 integra
1988 594 2239 662 suntP'

61 744 63 749 .
149 714 177 754 5
206 685 400 750 Nihil
445 685 578 750 vidi
624 689 763 748 tam
808 685 1156 770 integrum,
1203 706 1400 768 quam
1436 687 1512 749 ut
1550 706 1926 770 oppugnare
1963 685 2238 769 impera—

208 777 426 839 torem
461 772 798 856 incipiant,
835 793 1029 856 quem
1066 775 1253 836 tanto
1294 771 1511 837 studio
1550 793 1995 857 consensuque
2025 777 2237 838 osten-

209 861 428 926 derint
488 881 677 942 quam
729 861 980 926 oderint.
1088 860 1577 944 ‘quamquam
1630 881 1765 924 vos
1819 881 1915 926 eos
1970 861 2325 925 adsen-35

207 949 654 1015 tationibus
737 952 813 1013 et
893 948 1299 1013 venenatis
1382 948 1830 1013 muneribus
1902 948 2236 1013 venistis

61 1094 64 1119 ἱ
209 1036 758 1121 depravatum?
830 1035 1018 1101 Itane
1057 1036 1348 1120 corrupti
1384 1039 1553 1119 sunt,
1592 1036 1827 1120 quibus
1854 1057 2241 1120 persuasum

63 1183 67 1191 .
123 1154 182 1193 ιο
209 1126 302 1190 sit
366 1124 815 1190 foedissimum
885 1123 1144 1188 hostem
1215 1124 1579 1189 iustissimo
1653 1123 1826 1188 bello
1891 1123 2238 1207 persequi?

210 1212 349 1277 ‘At
439 1213 835 1276 militibus
916 1211 1248 1278 inclusis
1332 1233 1550 1295 opem
1630 1210 1883 1276 fertis.
2009 1209 2240 1276 Nihil

210 1322 471 1366 moror
541 1322 670 1365 eos
745 1300 1004 1364 salvos
1079 1321 1247 1363 esse
1312 1303 1389 1364 et
1459 1299 1571 1364 ire
1646 1321 1791 1383 quo
1852 1299 2100 1382 lubet,
2172 1297 2240 1362 si

211 1393 521 1454 tantum
557 1388 777 1453 modo
804 1388 1216 1472 patiuntur
1242 1387 1499 1471 perire
1527 1409 1718 1470 eum,
1757 1387 1887 1470 qui
1915 1385 2239 1452 meruit?

61 1552 62 1555 Ἴ
215 1477 427 1554 Quam
473 1477 777 1562 benigne!
826 1476 1098 1559 denique
1134 1475 1238 1539 usi
1273 1475 1670 1540 liberalitate
1708 1474 1957 1539 Antoni
1993 1474 2239 1539 milites

59 1558 68 1659 ’ἶ
127 1591 186 1632 15
212 1567 678 1649 imperatorem
732 1564 1137 1648 reliquerunt
1191 1567 1259 1628 et
1313 1584 1381 1627 se
1436 1563 1515 1628 ad
1570 1564 1827 1628 hostem
1874 1566 2057 1627 metu
2098 1583 2241 1646 per·

213 1653 432 1718 territi
491 1652 932 1737 contulerunt3
995 1673 1113 1735 per
1175 1672 1339 1735 quos
1405 1651 1461 1715 si
1524 1673 1658 1715 non
1722 1651 2045 1734 stetisset,
2105 1671 2242 1714 non

211 1741 560 1806 Dolabella
603 1741 784 1824 prius
829 1739 1211 1823 imperatori
1258 1761 1376 1803 suo
1426 1760 1622 1823 quam
1663 1738 1993 1803 Antonius
2040 1737 2240 1802 etiam

215 1829 505 1914 collegae
576 1831 1002 1911 parentasset.
1120 1825 1633 1892 ‘Concordiae
1704 1825 1994 1891 factam
2069 1847 2235 1890 esse
2256 1845 2323 1893 36

61 1979 65 2002 ᾗ
214 1917 685 1997 mentionem
739 1915 1098 1981 scribitis
1149 1915 1228 1980 in
1275 1918 1547 1980 senatu
1593 1918 1668 1979 et
1712 1915 2023 1999 legatos
2071 1933 2239 1978 esse

61 2011 65 2078 ’.
127 2034 188 2075 20
216 2005 666 2073 consularis
704 2004 1058 2088 quinque.
1122 2002 1485 2068 Difficile
1524 2007 1643 2067 est
1682 2002 2047 2083 [credere]
2085 2023 2241 2085 eos,

61 2101 63 2108 '
217 2095 350 2179 qui
405 2115 519 2158 me
571 2092 1084 2177 praecipitem
1141 2092 1450 2176 egerint
1500 2090 2021 2176 aequissimas
2069 2110 2241 2154 con-

217 2183 563 2247 diciones
618 2180 997 2245 ferentem
1051 2184 1128 2244 et
1182 2184 1440 2244 tamen
1494 2201 1582 2243 ex
1634 2178 1735 2243 iis
1782 2176 2083 2262 aliquid
2128 2198 2241 2242 re-.

218 2270 533 2333 mittere
589 2269 1095 2353 cogitantem,
1147 2271 1425 2352 putare
1481 2267 1783 2351 aliquid
1841 2266 2239 2330 moderate

221 2360 354 2422 aut
422 2356 746 2420 humane
819 2378 985 2421 esse
1057 2355 1433 2420 facturos
1546 2354 1693 2419 Vix
1766 2354 2003 2420 etiam
2075 2353 2241 2417 veri

61 2461 63 2522 ζ
131 2472 191 2513 25
221 2444 476 2511 simile
514 2446 658 2525 est,
697 2444 824 2527 qui
860 2444 1388 2509 iudicaverint
1414 2443 1719 2507 hostem
1745 2441 2241 2507 Dolabellam

61 2549 63 2556 '
220 2534 313 2599 ob
360 2530 885 2596 rectissimum
928 2530 1261 2615 facinus,
1310 2531 1615 2596 eosdem
1656 2530 1885 2596 nobis
1922 2550 2241 2613 parcere

220 2640 446 2706 posse
502 2618 702 2682 idem
759 2617 1328 2683 sentientibus?
1426 2618 1748 2682 Parumne
1804 2618 2062 2681 videtur
2108 2637 2241 2681 om-

221 2708 404 2773 nium
450 2706 816 2772 facinorum
853 2706 980 2769 sibi
1018 2728 1165 2770 cum
1199 2705 1549 2771 Dolabella
1586 2706 1968 2771 societatem
2004 2704 2240 2767 initam

61 2873 63 2880 Ι
223 2795 561 2861 confiteri?
605 2792 868 2858 ‘Nonne
916 2794 1180 2858 cernitis
1228 2815 1307 2858 ex
1350 2816 1481 2859 uno
1517 2793 1702 2859 fonte
1741 2792 1960 2857 omnia
1997 2790 2243 2856 scelera

137 2912 197 2953 so
222 2883 528 2947 manare?
645 2881 816 2965 Ipse!
869 2881 1142 2964 denique
1213 2880 1487 2967 fatetur,
1558 2882 1684 2945 hoc
1750 2879 2012 2964 quidem
2078 2878 2240 2942 satis

61 2969 63 2972 ’
223 2975 426 3053 acute,
469 2992 603 3035 non
647 2990 838 3053 posse
886 2990 1023 3053 eos,
1082 2969 1192 3053 qui
1236 2970 1499 3036 hostem
1544 2967 1957 3034 Dolabellam
2002 2965 2242 3031 iudica-

222 3059 433 3124 verint
479 3058 586 3122 ‘ob
633 3056 1070 3122 rectissimum
1115 3056 1390 3122 facinus’
1439 3055 1564 3143 (ita
1610 3056 1783 3120 enim
1820 3055 2077 3119 videtur
2112 3052 2243 3117 An-

223 3144 455 3231 tonio),
500 3145 629 3209 sibi
673 3166 935 3228 parcere
981 3144 1154 3209 idem
1200 3146 1527 3210 sentienti.
1610 3140 1779 3219 Quid
1822 3142 1976 3207 huic
2020 3141 2241 3227 facias,
2264 3118 2348 3256 ἐξ

226 3235 334 3321 qui
388 3235 514 3299 hoc
563 3233 803 3297 litteris
850 3233 1327 3317 memoriaeque
1375 3232 1727 3315 mandarit,
1780 3231 1877 3295 ita
1922 3230 2049 3305 sibi
2097 3251 2242 3294 con-

144 3350 197 3391 65
224 3322 475 3387 venisse
514 3343 660 3386 cum
697 3320 1060 3404 Dolabella,
1097 3325 1172 3385 ut
1208 3322 1320 3385 ille
1348 3320 1747 3386 Trebonium
1784 3323 1869 3397 et,
1907 3318 1964 3383 si
1999 3322 2243 3402 posset,
2346 3398 2350 3407 Ι

225 3410 422 3476 etiam
448 3408 745 3493 Brutum,
783 3408 1082 3475 Cassium
1109 3408 1536 3474 discruciatos
1572 3409 1837 3472 necaret
1862 3403 1902 3447 ²¹²
1927 3403 1967 3447 ²¹²
1995 3406 2244 3470 eadem·

226 3520 346 3582 que
391 3497 719 3562 inhiberet
763 3496 1082 3582 supplicia
1124 3496 1362 3561 nobis?
1456 3495 1510 3560 O
1560 3495 2034 3562 conservandus
2084 3493 2253 3559 civis
