<?xml version="1.0" encoding="UTF-8"?>
<!DOCTYPE html PUBLIC "-//W3C//DTD XHTML 1.0 Transitional//EN"
    "http://www.w3.org/TR/xhtml1/DTD/xhtml1-transitional.dtd">
<html xmlns="http://www.w3.org/1999/xhtml" xml:lang="en" lang="en">
 <head>
  <title>
</title>
<meta http-equiv="Content-Type" content="text/html;charset=utf-8" />
  <meta name='ocr-system' content='tesseract 3.04.00' />
  <meta name='ocr-capabilities' content='ocr_page ocr_carea ocr_par ocr_line ocrx_word'/>
</head>
<body>
  <div class='ocr_page' id='page_1' title='image "./scriptaquaemans00mlgoog_0573.png"; bbox 0 0 2550 3875; ppageno 0'>
   <div class='ocr_carea' id='block_1_1' title="bbox 680 677 1684 754">
    <p class='ocr_par' dir='ltr' id='par_1_1' title="bbox 680 677 1684 754">
     <span class='ocr_line' id='line_1_1' title="bbox 680 677 1684 754; baseline 0.001 -1"><span class='ocrx_word' id='word_1_1' title='bbox 680 677 777 753; x_wconf 89' lang='lat' dir='ltr'>M.</span> <span class='ocrx_word' id='word_1_2' title='bbox 836 678 1126 752; x_wconf 82' lang='lat' dir='ltr'>TULLI</span> <span class='ocrx_word' id='word_1_3' title='bbox 1182 679 1684 754; x_wconf 84' lang='lat' dir='ltr'>CICERONIS</span> 
     </span>
    </p>
   </div>
   <div class='ocr_carea' id='block_1_2' title="bbox 59 878 2202 1140">
    <p class='ocr_par' dir='ltr' id='par_1_2' title="bbox 59 878 2202 1140">
     <span class='ocr_line' id='line_1_2' title="bbox 59 878 2202 966; baseline 0.005 -11"><span class='ocrx_word' id='word_1_4' title='bbox 59 916 61 955; x_wconf 89' lang='lat'>:</span> <span class='ocrx_word' id='word_1_5' title='bbox 170 878 291 962; x_wconf 89' lang='lat' dir='ltr'>IN</span> <span class='ocrx_word' id='word_1_6' title='bbox 350 879 458 962; x_wconf 90' lang='lat' dir='ltr'>M.</span> <span class='ocrx_word' id='word_1_7' title='bbox 526 878 1081 963; x_wconf 83' lang='lat' dir='ltr'>ANTONIUM</span> <span class='ocrx_word' id='word_1_8' title='bbox 1143 878 1528 963; x_wconf 83' lang='lat' dir='ltr'>ORATIO</span> <span class='ocrx_word' id='word_1_9' title='bbox 1592 878 2202 966; x_wconf 83' lang='lat' dir='ltr'>PHILIPPICA</span> 
     </span>
     <span class='ocr_line' id='line_1_3' title="bbox 967 1036 1382 1140; baseline 0 -19"><span class='ocrx_word' id='word_1_10' title='bbox 967 1036 1382 1140; x_wconf 77' lang='lat' dir='ltr'><strong>QUINTA.</strong></span> 
     </span>
    </p>
   </div>
   <div class='ocr_carea' id='block_1_3' title="bbox 884 1438 1474 1500">
    <p class='ocr_par' dir='ltr' id='par_1_3' title="bbox 884 1438 1474 1500">
     <span class='ocr_line' id='line_1_4' title="bbox 884 1438 1474 1500; baseline -0.003 0"><span class='ocrx_word' id='word_1_11' title='bbox 884 1438 1474 1500; x_wconf 83' lang='lat' dir='ltr'><strong>ARGUMENTUM.</strong></span> 
     </span>
    </p>
   </div>
   <div class='ocr_carea' id='block_1_4' title="bbox 148 1603 2198 2809">
    <p class='ocr_par' dir='ltr' id='par_1_4' title="bbox 151 1603 2198 2243">
     <span class='ocr_line' id='line_1_5' title="bbox 312 1603 2198 1675; baseline 0.001 -14"><span class='ocrx_word' id='word_1_12' title='bbox 312 1603 451 1661; x_wconf 85' lang='lat' dir='ltr'>Cum</span> <span class='ocrx_word' id='word_1_13' title='bbox 476 1606 544 1662; x_wconf 82' lang='lat' dir='ltr'>D.</span> <span class='ocrx_word' id='word_1_14' title='bbox 570 1605 749 1660; x_wconf 87' lang='lat' dir='ltr'>Bruto</span> <span class='ocrx_word' id='word_1_15' title='bbox 778 1607 999 1661; x_wconf 86' lang='lat' dir='ltr'>consuli</span> <span class='ocrx_word' id='word_1_16' title='bbox 1028 1606 1328 1675; x_wconf 84' lang='lat' dir='ltr'>designato</span> <span class='ocrx_word' id='word_1_17' title='bbox 1357 1605 1545 1663; x_wconf 81' lang='lat' dir='ltr'>Gallia</span> <span class='ocrx_word' id='word_1_18' title='bbox 1572 1606 1802 1661; x_wconf 74' lang='lat' dir='ltr'><strong>citerior</strong></span> <span class='ocrx_word' id='word_1_19' title='bbox 1830 1624 1865 1661; x_wconf 91' lang='lat' dir='ltr'>a</span> <span class='ocrx_word' id='word_1_20' title='bbox 1885 1608 1940 1663; x_wconf 90' lang='lat' dir='ltr'>C.</span> <span class='ocrx_word' id='word_1_21' title='bbox 1963 1606 2198 1663; x_wconf 75' lang='lat' dir='ltr'>Caesare</span> 
     </span>
     <span class='ocr_line' id='line_1_6' title="bbox 160 1677 2198 1747; baseline 0.001 -16"><span class='ocrx_word' id='word_1_22' title='bbox 160 1677 305 1730; x_wconf 81' lang='lat' dir='ltr'>data</span> <span class='ocrx_word' id='word_1_23' title='bbox 351 1680 503 1731; x_wconf 85' lang='lat' dir='ltr'>esset</span> <span class='ocrx_word' id='word_1_24' title='bbox 546 1677 838 1747; x_wconf 77' lang='lat' dir='ltr'>provincia</span> <span class='ocrx_word' id='word_1_25' title='bbox 883 1694 1061 1745; x_wconf 88' lang='lat' dir='ltr'>eaque</span> <span class='ocrx_word' id='word_1_26' title='bbox 1107 1694 1197 1732; x_wconf 88' lang='lat' dir='ltr'>res</span> <span class='ocrx_word' id='word_1_27' title='bbox 1236 1694 1271 1731; x_wconf 98' lang='lat' dir='ltr'>a</span> <span class='ocrx_word' id='word_1_28' title='bbox 1308 1680 1509 1732; x_wconf 86' lang='lat' dir='ltr'>senatu</span> <span class='ocrx_word' id='word_1_29' title='bbox 1543 1681 1676 1747; x_wconf 86' lang='lat' dir='ltr'>post</span> <span class='ocrx_word' id='word_1_30' title='bbox 1713 1678 1967 1733; x_wconf 76' lang='lat' dir='ltr'>Caesaris</span> <span class='ocrx_word' id='word_1_31' title='bbox 2003 1696 2198 1734; x_wconf 81' lang='lat' dir='ltr'>necem</span> 
     </span>
     <span class='ocr_line' id='line_1_7' title="bbox 161 1746 2198 1819; baseline 0.001 -18"><span class='ocrx_word' id='word_1_32' title='bbox 161 1746 497 1803; x_wconf 76' lang='lat' dir='ltr'>confirmata</span> <span class='ocrx_word' id='word_1_33' title='bbox 541 1750 717 1815; x_wconf 86' lang='lat' dir='ltr'>esset,</span> <span class='ocrx_word' id='word_1_34' title='bbox 764 1749 957 1802; x_wconf 88' lang='lat' dir='ltr'>tamen</span> <span class='ocrx_word' id='word_1_35' title='bbox 1000 1748 1073 1803; x_wconf 88' lang='lat' dir='ltr'>M.</span> <span class='ocrx_word' id='word_1_36' title='bbox 1121 1747 1428 1817; x_wconf 87' lang='lat' dir='ltr'>Antonius,</span> <span class='ocrx_word' id='word_1_37' title='bbox 1475 1751 1542 1803; x_wconf 85' lang='lat' dir='ltr'>ut</span> <span class='ocrx_word' id='word_1_38' title='bbox 1588 1766 1716 1803; x_wconf 82' lang='lat' dir='ltr'>suas</span> <span class='ocrx_word' id='word_1_39' title='bbox 1764 1766 1900 1819; x_wconf 85' lang='lat' dir='ltr'>opes</span> <span class='ocrx_word' id='word_1_40' title='bbox 1946 1753 2198 1819; x_wconf 82' lang='lat' dir='ltr'>augeret,</span> 
     </span>
     <span class='ocr_line' id='line_1_8' title="bbox 159 1818 2196 1889; baseline 0.002 -17"><span class='ocrx_word' id='word_1_41' title='bbox 159 1819 218 1872; x_wconf 83' lang='lat' dir='ltr'>ei</span> <span class='ocrx_word' id='word_1_42' title='bbox 254 1819 561 1872; x_wconf 85' lang='lat' dir='ltr'>concedere</span> <span class='ocrx_word' id='word_1_43' title='bbox 598 1818 784 1871; x_wconf 87' lang='lat' dir='ltr'>noluit</span> <span class='ocrx_word' id='word_1_44' title='bbox 820 1835 1057 1887; x_wconf 87' lang='lat' dir='ltr'>eumque</span> <span class='ocrx_word' id='word_1_45' title='bbox 1096 1835 1160 1873; x_wconf 92' lang='lat' dir='ltr'>eo</span> <span class='ocrx_word' id='word_1_46' title='bbox 1196 1822 1478 1889; x_wconf 86' lang='lat' dir='ltr'>tempore,</span> <span class='ocrx_word' id='word_1_47' title='bbox 1525 1836 1635 1887; x_wconf 87' lang='lat' dir='ltr'>quo</span> <span class='ocrx_word' id='word_1_48' title='bbox 1672 1820 1806 1874; x_wconf 83' lang='lat' dir='ltr'>novi</span> <span class='ocrx_word' id='word_1_49' title='bbox 1840 1821 2098 1875; x_wconf 83' lang='lat' dir='ltr'>consules</span> <span class='ocrx_word' id='word_1_50' title='bbox 2139 1820 2196 1876; x_wconf 90' lang='lat' dir='ltr'>C.</span> 
     </span>
     <span class='ocr_line' id='line_1_9' title="bbox 156 1888 2198 1960; baseline 0.001 -17"><span class='ocrx_word' id='word_1_51' title='bbox 156 1888 351 1943; x_wconf 86' lang='lat' dir='ltr'>Pansa</span> <span class='ocrx_word' id='word_1_52' title='bbox 376 1888 445 1944; x_wconf 89' lang='lat' dir='ltr'>A.</span> <span class='ocrx_word' id='word_1_53' title='bbox 474 1888 695 1942; x_wconf 80' lang='lat' dir='ltr'><strong>Hirtius</strong></span> <span class='ocrx_word' id='word_1_54' title='bbox 724 1889 995 1944; x_wconf 81' lang='lat' dir='ltr'>Kalendis</span> <span class='ocrx_word' id='word_1_55' title='bbox 1022 1889 1302 1945; x_wconf 81' lang='lat' dir='ltr'><strong>Ianuariis</strong></span> <span class='ocrx_word' id='word_1_56' title='bbox 1341 1906 1488 1944; x_wconf 88' lang='lat' dir='ltr'>anno</span> <span class='ocrx_word' id='word_1_57' title='bbox 1524 1909 1576 1960; x_wconf 89' lang='lat' dir='ltr'>p.</span> <span class='ocrx_word' id='word_1_58' title='bbox 1616 1908 1670 1946; x_wconf 90' lang='lat' dir='ltr'>u.</span> <span class='ocrx_word' id='word_1_59' title='bbox 1711 1907 1756 1946; x_wconf 90' lang='lat' dir='ltr'>c.</span> <span class='ocrx_word' id='word_1_60' title='bbox 1798 1897 1899 1946; x_wconf 81' lang='lat'>‘111</span> <span class='ocrx_word' id='word_1_61' title='bbox 1939 1894 2198 1946; x_wconf 87' lang='lat' dir='ltr'>senatum</span> 
     </span>
     <span class='ocr_line' id='line_1_10' title="bbox 154 1959 2196 2031; baseline 0.001 -17"><span class='ocrx_word' id='word_1_62' title='bbox 154 1961 223 2014; x_wconf 86' lang='lat' dir='ltr'>in</span> <span class='ocrx_word' id='word_1_63' title='bbox 249 1960 528 2029; x_wconf 83' lang='lat' dir='ltr'>templum</span> <span class='ocrx_word' id='word_1_64' title='bbox 559 1959 901 2015; x_wconf 76' lang='lat' dir='ltr'>Concordiae</span> <span class='ocrx_word' id='word_1_65' title='bbox 928 1963 1396 2028; x_wconf 84' lang='lat' dir='ltr'>convocaverunt,</span> <span class='ocrx_word' id='word_1_66' title='bbox 1433 1961 1691 2016; x_wconf 87' lang='lat' dir='ltr'>Mutinae</span> <span class='ocrx_word' id='word_1_67' title='bbox 1717 1961 1997 2016; x_wconf 86' lang='lat' dir='ltr'>inclusum</span> <span class='ocrx_word' id='word_1_68' title='bbox 2025 1965 2196 2031; x_wconf 82' lang='lat' dir='ltr'>atque</span> 
     </span>
     <span class='ocr_line' id='line_1_11' title="bbox 156 2031 2198 2100; baseline 0.002 -16"><span class='ocrx_word' id='word_1_69' title='bbox 156 2031 457 2086; x_wconf 84' lang='lat' dir='ltr'>obsessum</span> <span class='ocrx_word' id='word_1_70' title='bbox 501 2031 752 2085; x_wconf 88' lang='lat' dir='ltr'>tenebat.</span> <span class='ocrx_word' id='word_1_71' title='bbox 828 2031 963 2086; x_wconf 89' lang='lat' dir='ltr'>Cum</span> <span class='ocrx_word' id='word_1_72' title='bbox 1000 2031 1177 2100; x_wconf 83' lang='lat' dir='ltr'>igitur</span> <span class='ocrx_word' id='word_1_73' title='bbox 1214 2032 1473 2086; x_wconf 86' lang='lat' dir='ltr'>consules</span> <span class='ocrx_word' id='word_1_74' title='bbox 1511 2048 1578 2086; x_wconf 88' lang='lat' dir='ltr'>eo</span> <span class='ocrx_word' id='word_1_75' title='bbox 1616 2032 1709 2088; x_wconf 87' lang='lat' dir='ltr'>die</span> <span class='ocrx_word' id='word_1_76' title='bbox 1746 2033 1815 2087; x_wconf 88' lang='lat' dir='ltr'>de</span> <span class='ocrx_word' id='word_1_77' title='bbox 1853 2034 2006 2087; x_wconf 86' lang='lat' dir='ltr'>omni</span> <span class='ocrx_word' id='word_1_78' title='bbox 2043 2034 2198 2088; x_wconf 87' lang='lat' dir='ltr'>statu</span> 
     </span>
     <span class='ocr_line' id='line_1_12' title="bbox 151 2100 2197 2243; baseline 0.001 -18"><span class='ocrx_word' id='word_1_79' title='bbox 151 2100 879 2226; x_wconf 51' lang='lat' dir='ltr'>ffiii&#39;assfiffss&#39;oiiiffissmffi</span> <span class='ocrx_word' id='word_1_80' title='bbox 888 2104 1339 2242; x_wconf 50' lang='lat' dir='ltr'>’rssgssfiifflqffit</span> <span class='ocrx_word' id='word_1_81' title='bbox 1353 2101 2090 2243; x_wconf 51' lang='grc' dir='ltr'>ἔξέῗὲἓῗηῗέἒρὲῗᾚ</span> <span class='ocrx_word' id='word_1_82' title='bbox 2125 2103 2197 2229; x_wconf 69' lang='grc' dir='ltr'>ἓξ,</span> 
     </span>
    </p>

    <p class='ocr_par' dir='ltr' id='par_1_5' title="bbox 148 2216 2197 2809">
     <span class='ocr_line' id='line_1_13' title="bbox 1116 2216 1131 2241; baseline 0 0"><span class='ocrx_word' id='word_1_83' title='bbox 1116 2216 1131 2241; x_wconf 60' lang='lat' dir='ltr'><em>J</em></span> 
     </span>
     <span class='ocr_line' id='line_1_14' title="bbox 152 2242 2197 2312; baseline 0.001 -16"><span class='ocrx_word' id='word_1_84' title='bbox 152 2259 221 2296; x_wconf 84' lang='lat' dir='ltr'>re</span> <span class='ocrx_word' id='word_1_85' title='bbox 274 2243 543 2312; x_wconf 75' lang='lat' dir='ltr'>placeret.</span> <span class='ocrx_word' id='word_1_86' title='bbox 626 2242 703 2296; x_wconf 85' lang='lat' dir='ltr'>Et</span> <span class='ocrx_word' id='word_1_87' title='bbox 760 2259 888 2296; x_wconf 91' lang='lat' dir='ltr'>cum</span> <span class='ocrx_word' id='word_1_88' title='bbox 934 2244 995 2309; x_wconf 80' lang='lat' dir='ltr'>Q.</span> <span class='ocrx_word' id='word_1_89' title='bbox 1043 2243 1233 2297; x_wconf 87' lang='lat' dir='ltr'><strong>Fufius</strong></span> <span class='ocrx_word' id='word_1_90' title='bbox 1283 2243 1549 2312; x_wconf 83' lang='lat' dir='ltr'>Calenus,</span> <span class='ocrx_word' id='word_1_91' title='bbox 1605 2243 1704 2312; x_wconf 87' lang='lat' dir='ltr'>qui</span> <span class='ocrx_word' id='word_1_92' title='bbox 1756 2244 1945 2299; x_wconf 78' lang='lat' dir='ltr'>fuerat</span> <span class='ocrx_word' id='word_1_93' title='bbox 1998 2245 2197 2299; x_wconf 89' lang='lat' dir='ltr'>consul</span> 
     </span>
     <span class='ocr_line' id='line_1_15' title="bbox 155 2313 2194 2384; baseline 0.002 -18"><span class='ocrx_word' id='word_1_94' title='bbox 155 2329 311 2367; x_wconf 87' lang='lat' dir='ltr'>anno</span> <span class='ocrx_word' id='word_1_95' title='bbox 388 2320 489 2368; x_wconf 79' lang='lat'>‘10⁷</span> <span class='ocrx_word' id='word_1_96' title='bbox 506 2355 519 2380; x_wconf 92' lang='lat'>‚</span> <span class='ocrx_word' id='word_1_97' title='bbox 594 2313 809 2383; x_wconf 86' lang='lat' dir='ltr'>primus</span> <span class='ocrx_word' id='word_1_98' title='bbox 874 2314 1214 2368; x_wconf 75' lang='lat' dir='ltr'>sententiam</span> <span class='ocrx_word' id='word_1_99' title='bbox 1276 2317 1536 2384; x_wconf 84' lang='lat' dir='ltr'>rogatus,</span> <span class='ocrx_word' id='word_1_100' title='bbox 1610 2315 1763 2383; x_wconf 86' lang='lat' dir='ltr'>quod</span> <span class='ocrx_word' id='word_1_101' title='bbox 1816 2315 1890 2369; x_wconf 84' lang='lat' dir='ltr'>M.</span> <span class='ocrx_word' id='word_1_102' title='bbox 1946 2315 2194 2370; x_wconf 84' lang='lat' dir='ltr'>Antonio</span> 
     </span>
     <span class='ocr_line' id='line_1_16' title="bbox 151 2383 2194 2454; baseline 0.002 -18"><span class='ocrx_word' id='word_1_103' title='bbox 151 2383 419 2452; x_wconf 83' lang='lat' dir='ltr'>favebat,</span> <span class='ocrx_word' id='word_1_104' title='bbox 474 2383 697 2452; x_wconf 87' lang='lat' dir='ltr'>legatos</span> <span class='ocrx_word' id='word_1_105' title='bbox 744 2384 819 2437; x_wconf 88' lang='lat' dir='ltr'>ad</span> <span class='ocrx_word' id='word_1_106' title='bbox 862 2384 1172 2440; x_wconf 88' lang='lat' dir='ltr'>Antonium</span> <span class='ocrx_word' id='word_1_107' title='bbox 1218 2385 1289 2439; x_wconf 85' lang='lat' dir='ltr'>de</span> <span class='ocrx_word' id='word_1_108' title='bbox 1334 2402 1476 2454; x_wconf 89' lang='lat' dir='ltr'>pace</span> <span class='ocrx_word' id='word_1_109' title='bbox 1519 2384 1830 2440; x_wconf 86' lang='lat' dir='ltr'>mittendos</span> <span class='ocrx_word' id='word_1_110' title='bbox 1865 2385 2194 2454; x_wconf 86' lang='lat' dir='ltr'>censuisset,</span> 
     </span>
     <span class='ocr_line' id='line_1_17' title="bbox 150 2453 2197 2524; baseline 0.001 -18"><span class='ocrx_word' id='word_1_111' title='bbox 150 2453 231 2508; x_wconf 81' lang='lat' dir='ltr'>M.</span> <span class='ocrx_word' id='word_1_112' title='bbox 266 2453 479 2520; x_wconf 88' lang='lat' dir='ltr'>Cicero,</span> <span class='ocrx_word' id='word_1_113' title='bbox 518 2471 645 2508; x_wconf 91' lang='lat' dir='ltr'>cum</span> <span class='ocrx_word' id='word_1_114' title='bbox 680 2456 814 2524; x_wconf 85' lang='lat' dir='ltr'>post</span> <span class='ocrx_word' id='word_1_115' title='bbox 840 2472 968 2509; x_wconf 89' lang='lat' dir='ltr'>eum</span> <span class='ocrx_word' id='word_1_116' title='bbox 997 2456 1340 2510; x_wconf 69' lang='lat' dir='ltr'>sententiam</span> <span class='ocrx_word' id='word_1_117' title='bbox 1364 2458 1600 2524; x_wconf 85' lang='lat' dir='ltr'>rogatus</span> <span class='ocrx_word' id='word_1_118' title='bbox 1629 2458 1796 2524; x_wconf 86' lang='lat' dir='ltr'>esset,</span> <span class='ocrx_word' id='word_1_119' title='bbox 1831 2457 2197 2512; x_wconf 80' lang='lat' dir='ltr'>vehementer</span> 
     </span>
     <span class='ocr_line' id='line_1_18' title="bbox 151 2523 2197 2595; baseline 0.002 -17"><span class='ocrx_word' id='word_1_120' title='bbox 151 2523 231 2578; x_wconf 87' lang='lat' dir='ltr'>ab</span> <span class='ocrx_word' id='word_1_121' title='bbox 280 2523 403 2578; x_wconf 88' lang='lat' dir='ltr'>eius</span> <span class='ocrx_word' id='word_1_122' title='bbox 450 2524 733 2578; x_wconf 84' lang='lat' dir='ltr'>sententia</span> <span class='ocrx_word' id='word_1_123' title='bbox 777 2525 1048 2580; x_wconf 86' lang='lat' dir='ltr'>dissensit</span> <span class='ocrx_word' id='word_1_124' title='bbox 1092 2542 1159 2580; x_wconf 91' lang='lat' dir='ltr'>ac</span> <span class='ocrx_word' id='word_1_125' title='bbox 1203 2525 1391 2581; x_wconf 90' lang='lat' dir='ltr'>nullos</span> <span class='ocrx_word' id='word_1_126' title='bbox 1427 2526 1650 2595; x_wconf 87' lang='lat' dir='ltr'>legatos</span> <span class='ocrx_word' id='word_1_127' title='bbox 1685 2526 2020 2594; x_wconf 71' lang='lat' dir='ltr'>mittendOS,</span> <span class='ocrx_word' id='word_1_128' title='bbox 2067 2529 2197 2582; x_wconf 88' lang='lat' dir='ltr'>acta</span> 
     </span>
     <span class='ocr_line' id='line_1_19' title="bbox 149 2593 2194 2666; baseline 0.001 -18"><span class='ocrx_word' id='word_1_129' title='bbox 149 2593 234 2651; x_wconf 87' lang='grc' dir='ltr'>Μ.</span> <span class='ocrx_word' id='word_1_130' title='bbox 271 2594 488 2648; x_wconf 83' lang='lat' dir='ltr'>Antoni</span> <span class='ocrx_word' id='word_1_131' title='bbox 523 2595 912 2664; x_wconf 86' lang='lat' dir='ltr'>rescindenda,</span> <span class='ocrx_word' id='word_1_132' title='bbox 948 2595 1216 2666; x_wconf 86' lang='lat' dir='ltr'>praemiis</span> <span class='ocrx_word' id='word_1_133' title='bbox 1253 2612 1367 2663; x_wconf 88' lang='lat' dir='ltr'>eos,</span> <span class='ocrx_word' id='word_1_134' title='bbox 1407 2597 1505 2666; x_wconf 89' lang='lat' dir='ltr'>qui</span> <span class='ocrx_word' id='word_1_135' title='bbox 1541 2599 1740 2652; x_wconf 89' lang='lat' dir='ltr'>contra</span> <span class='ocrx_word' id='word_1_136' title='bbox 1775 2613 1902 2652; x_wconf 90' lang='lat' dir='ltr'>eum</span> <span class='ocrx_word' id='word_1_137' title='bbox 1938 2614 2059 2652; x_wconf 87' lang='lat' dir='ltr'>rem</span> <span class='ocrx_word' id='word_1_138' title='bbox 2090 2615 2194 2666; x_wconf 92' lang='lat' dir='ltr'>pu-</span> 
     </span>
     <span class='ocr_line' id='line_1_20' title="bbox 148 2665 2194 2735; baseline 0 -17"><span class='ocrx_word' id='word_1_139' title='bbox 148 2665 375 2719; x_wconf 87' lang='lat' dir='ltr'>blicam</span> <span class='ocrx_word' id='word_1_140' title='bbox 412 2665 815 2733; x_wconf 87' lang='lat' dir='ltr'>defendissent,</span> <span class='ocrx_word' id='word_1_141' title='bbox 852 2666 1182 2720; x_wconf 87' lang='lat' dir='ltr'>afficiendos</span> <span class='ocrx_word' id='word_1_142' title='bbox 1220 2667 1442 2720; x_wconf 88' lang='lat' dir='ltr'>censuit</span> <span class='ocrx_word' id='word_1_143' title='bbox 1477 2684 1711 2735; x_wconf 87' lang='lat' dir='ltr'>eamque</span> <span class='ocrx_word' id='word_1_144' title='bbox 1740 2667 2082 2722; x_wconf 88' lang='lat' dir='ltr'>sententiam</span> <span class='ocrx_word' id='word_1_145' title='bbox 2111 2683 2194 2734; x_wconf 88' lang='lat' dir='ltr'>ea,</span> 
     </span>
     <span class='ocr_line' id='line_1_21' title="bbox 149 2735 2192 2809; baseline 0.001 -19"><span class='ocrx_word' id='word_1_146' title='bbox 149 2752 307 2806; x_wconf 83' lang='lat' dir='ltr'>quae</span> <span class='ocrx_word' id='word_1_147' title='bbox 344 2735 496 2791; x_wconf 67' lang='lat' dir='ltr'>infra</span> <span class='ocrx_word' id='word_1_148' title='bbox 532 2737 744 2807; x_wconf 85' lang='lat' dir='ltr'>scripta</span> <span class='ocrx_word' id='word_1_149' title='bbox 776 2739 881 2805; x_wconf 84' lang='lat' dir='ltr'>est,</span> <span class='ocrx_word' id='word_1_150' title='bbox 912 2737 1165 2792; x_wconf 84' lang='lat' dir='ltr'>oratione</span> <span class='ocrx_word' id='word_1_151' title='bbox 1194 2738 1511 2793; x_wconf 83' lang='lat' dir='ltr'>accuratius</span> <span class='ocrx_word' id='word_1_152' title='bbox 1541 2737 1802 2809; x_wconf 83' lang='lat' dir='ltr'>exposuit</span> <span class='ocrx_word' id='word_1_153' title='bbox 1826 2755 1894 2793; x_wconf 89' lang='lat' dir='ltr'>ac</span> <span class='ocrx_word' id='word_1_154' title='bbox 1921 2737 2192 2793; x_wconf 80' lang='lat' dir='ltr'>defendit.</span> 
     </span>
    </p>
   </div>
   <div class='ocr_carea' id='block_1_5' title="bbox 960 2933 1388 2942">
    <p class='ocr_par' dir='ltr' id='par_1_6' title="bbox 960 2933 1388 2942">
     <span class='ocr_line' id='line_1_22' title="bbox 960 2933 1388 2942; baseline 0.002 -1"><span class='ocrx_word' id='word_1_155' title='bbox 960 2933 1388 2942; x_wconf 78' lang='lat'><strong>—-——-——-—.-——-.</strong></span> 
     </span>
    </p>
   </div>
   <div class='ocr_carea' id='block_1_6' title="bbox 78 3067 2248 3616">
    <p class='ocr_par' dir='ltr' id='par_1_7' title="bbox 141 3067 2248 3440">
     <span class='ocr_line' id='line_1_23' title="bbox 290 3067 2248 3177; baseline 0.001 -23"><span class='ocrx_word' id='word_1_156' title='bbox 290 3089 480 3154; x_wconf 81' lang='lat' dir='ltr'>Nihil</span> <span class='ocrx_word' id='word_1_157' title='bbox 517 3113 831 3176; x_wconf 80' lang='lat' dir='ltr'>umquam</span> <span class='ocrx_word' id='word_1_158' title='bbox 867 3092 1130 3177; x_wconf 83' lang='lat' dir='ltr'>longius</span> <span class='ocrx_word' id='word_1_159' title='bbox 1166 3092 1273 3156; x_wconf 77' lang='lat' dir='ltr'>his</span> <span class='ocrx_word' id='word_1_160' title='bbox 1312 3092 1626 3157; x_wconf 73' lang='lat' dir='ltr'>Kalendis</span> <span class='ocrx_word' id='word_1_161' title='bbox 1663 3090 1987 3156; x_wconf 74' lang='lat' dir='ltr'>Ianuariis</span> <span class='ocrx_word' id='word_1_162' title='bbox 2025 3091 2191 3155; x_wconf 83' lang='lat' dir='ltr'>mihi</span> <span class='ocrx_word' id='word_1_163' title='bbox 2217 3067 2248 3130; x_wconf 87' lang='lat'>1</span> 
     </span>
     <span class='ocr_line' id='line_1_24' title="bbox 146 3158 2241 3264; baseline 0 -21"><span class='ocrx_word' id='word_1_164' title='bbox 146 3178 375 3243; x_wconf 79' lang='lat' dir='ltr'>visum</span> <span class='ocrx_word' id='word_1_165' title='bbox 420 3183 547 3263; x_wconf 86' lang='lat' dir='ltr'>est,</span> <span class='ocrx_word' id='word_1_166' title='bbox 593 3183 815 3262; x_wconf 87' lang='lat' dir='ltr'>patres</span> <span class='ocrx_word' id='word_1_167' title='bbox 865 3180 1245 3264; x_wconf 83' lang='lat' dir='ltr'>conscripti3</span> <span class='ocrx_word' id='word_1_168' title='bbox 1292 3181 1465 3264; x_wconf 90' lang='lat' dir='ltr'>quod</span> <span class='ocrx_word' id='word_1_169' title='bbox 1511 3181 1681 3244; x_wconf 90' lang='lat' dir='ltr'>idem</span> <span class='ocrx_word' id='word_1_170' title='bbox 1725 3180 2190 3264; x_wconf 87' lang='lat' dir='ltr'>intellegebam</span> <span class='ocrx_word' id='word_1_171' title='bbox 2214 3158 2241 3205; x_wconf 81' lang='lat'>¹</span> 
     </span>
     <span class='ocr_line' id='line_1_25' title="bbox 141 3266 2192 3352; baseline 0.001 -23"><span class='ocrx_word' id='word_1_172' title='bbox 141 3289 272 3350; x_wconf 90' lang='lat' dir='ltr'>per</span> <span class='ocrx_word' id='word_1_173' title='bbox 337 3267 461 3330; x_wconf 85' lang='lat' dir='ltr'>hos</span> <span class='ocrx_word' id='word_1_174' title='bbox 517 3266 655 3331; x_wconf 86' lang='lat' dir='ltr'>dies</span> <span class='ocrx_word' id='word_1_175' title='bbox 710 3266 825 3332; x_wconf 88' lang='lat' dir='ltr'>uni</span> <span class='ocrx_word' id='word_1_176' title='bbox 881 3267 1110 3352; x_wconf 90' lang='lat' dir='ltr'>cuique</span> <span class='ocrx_word' id='word_1_177' title='bbox 1165 3273 1459 3332; x_wconf 80' lang='lat' dir='ltr'>vestrum</span> <span class='ocrx_word' id='word_1_178' title='bbox 1513 3268 1734 3332; x_wconf 85' lang='lat' dir='ltr'>videri.</span> <span class='ocrx_word' id='word_1_179' title='bbox 1837 3267 1963 3344; x_wconf 82' lang='lat' dir='ltr'>Qui</span> <span class='ocrx_word' id='word_1_180' title='bbox 2017 3268 2192 3332; x_wconf 87' lang='lat' dir='ltr'>enim</span> 
     </span>
     <span class='ocr_line' id='line_1_26' title="bbox 143 3354 2192 3440; baseline 0.002 -24"><span class='ocrx_word' id='word_1_181' title='bbox 143 3354 407 3418; x_wconf 89' lang='lat' dir='ltr'>bellum</span> <span class='ocrx_word' id='word_1_182' title='bbox 444 3375 593 3418; x_wconf 89' lang='lat' dir='ltr'>cum</span> <span class='ocrx_word' id='word_1_183' title='bbox 628 3375 699 3418; x_wconf 92' lang='lat' dir='ltr'>re</span> <span class='ocrx_word' id='word_1_184' title='bbox 734 3355 1000 3439; x_wconf 87' lang='lat' dir='ltr'>publica</span> <span class='ocrx_word' id='word_1_185' title='bbox 1035 3360 1293 3440; x_wconf 83' lang='lat' dir='ltr'>gerunt,</span> <span class='ocrx_word' id='word_1_186' title='bbox 1337 3357 1512 3420; x_wconf 90' lang='lat' dir='ltr'>hunc</span> <span class='ocrx_word' id='word_1_187' title='bbox 1559 3356 1730 3420; x_wconf 89' lang='lat' dir='ltr'>diem</span> <span class='ocrx_word' id='word_1_188' title='bbox 1765 3378 1899 3421; x_wconf 87' lang='lat' dir='ltr'>non</span> <span class='ocrx_word' id='word_1_189' title='bbox 1935 3377 2192 3439; x_wconf 86' lang='lat' dir='ltr'>exspec-</span> 
     </span>
    </p>

    <p class='ocr_par' dir='ltr' id='par_1_8' title="bbox 78 3441 2194 3616">
     <span class='ocr_line' id='line_1_27' title="bbox 78 3441 2190 3526; baseline 0 -19"><span class='ocrx_word' id='word_1_190' title='bbox 78 3467 111 3507; x_wconf 80' lang='lat'><strong>5</strong></span> <span class='ocrx_word' id='word_1_191' title='bbox 141 3441 417 3524; x_wconf 84' lang='lat' dir='ltr'>tabant3</span> <span class='ocrx_word' id='word_1_192' title='bbox 468 3463 591 3506; x_wconf 84' lang='lat' dir='ltr'>nos</span> <span class='ocrx_word' id='word_1_193' title='bbox 638 3446 858 3507; x_wconf 84' lang='lat' dir='ltr'>autem</span> <span class='ocrx_word' id='word_1_194' title='bbox 903 3447 1072 3526; x_wconf 85' lang='lat' dir='ltr'>tum,</span> <span class='ocrx_word' id='word_1_195' title='bbox 1119 3466 1267 3508; x_wconf 90' lang='lat' dir='ltr'>cum</span> <span class='ocrx_word' id='word_1_196' title='bbox 1313 3443 1594 3508; x_wconf 83' lang='lat' dir='ltr'>maxime</span> <span class='ocrx_word' id='word_1_197' title='bbox 1643 3443 1915 3509; x_wconf 79' lang='lat' dir='ltr'>consilio</span> <span class='ocrx_word' id='word_1_198' title='bbox 1961 3447 2190 3509; x_wconf 88' lang='lat' dir='ltr'>nostro</span> 
     </span>
     <span class='ocr_line' id='line_1_28' title="bbox 142 3528 2194 3616; baseline 0.001 -23"><span class='ocrx_word' id='word_1_199' title='bbox 142 3528 500 3594; x_wconf 79' lang='lat' dir='ltr'>subvenire</span> <span class='ocrx_word' id='word_1_200' title='bbox 556 3531 885 3596; x_wconf 81' lang='lat' dir='ltr'>communi</span> <span class='ocrx_word' id='word_1_201' title='bbox 939 3532 1137 3596; x_wconf 84' lang='lat' dir='ltr'>saluti</span> <span class='ocrx_word' id='word_1_202' title='bbox 1194 3534 1554 3616; x_wconf 86' lang='lat' dir='ltr'>oporteret,</span> <span class='ocrx_word' id='word_1_203' title='bbox 1598 3533 1670 3596; x_wconf 88' lang='lat' dir='ltr'>in</span> <span class='ocrx_word' id='word_1_204' title='bbox 1714 3536 2015 3598; x_wconf 89' lang='lat' dir='ltr'>senatum</span> <span class='ocrx_word' id='word_1_205' title='bbox 2057 3530 2194 3597; x_wconf 89' lang='lat' dir='ltr'>non</span> 
     </span>
    </p>
   </div>
  </div>
 </body>
</html>
