2550 3875
380 166 467 231 36
964 162 1108 219 PRO
1147 162 1207 219 Ρ.
1246 162 1500 219 888110
1539 160 1833 219 ORATIO.

272 333 357 399 38
378 326 487 391 An
528 327 689 391 haec
732 326 877 410 ipsa
922 325 1023 389 vis
1068 329 1187 409 est,
1230 347 1367 390 non
1399 346 1593 409 posse
1628 324 1880 391 emori?
1927 346 2013 389 an
2046 325 2184 410 illa,
2235 326 2416 409 quod

377 415 679 480 tribunus
750 414 840 498 pl.
911 414 1228 497 templum
1303 414 1712 479 cruentavit?
1785 435 1896 497 an,
1980 413 2182 497 quod,
2261 436 2416 479 cum

378 506 550 569 esset
622 502 883 569 ablatus
944 502 1354 586 primumque
1417 464 1986 586 resipisset,1ion
2047 522 2118 567 se
2176 502 2415 566 referri

288 609 354 658 81
378 590 615 656 iussit?
724 588 858 655 Ubi
922 594 1023 654 est
1086 589 1375 654 crimen?
1439 590 1596 673 quid
1649 589 2170 674 reprehenditis?
2287 590 2416 655 Hic

382 700 649 764 quaero,
710 678 979 743 iudices:
1048 676 1121 742 Si
1172 678 1290 742 illo
1345 677 1452 742 die
1506 698 1667 763 gens
1720 679 1852 743 ista
1907 676 2169 761 Clodia,
2237 680 2414 763 quod
2441 700 2466 739 5

381 766 593 831 facere
637 766 872 850 voluit,
922 765 1267 850 effecisset,
1314 766 1372 829 si
1416 765 1487 829 P.
1537 764 1817 851 Sestius,
1863 766 1975 849 qui
2020 787 2145 849 pro
2195 767 2416 831 occiso

382 855 648 920 relictus
710 858 839 938 est,
902 854 1153 919 occisus
1208 857 1408 937 esset,
1470 852 1774 919 fuistisne
1827 855 1909 918 ad
1964 875 2152 918 arma
2207 855 2416 919 ituri?

381 942 684 1007 fuistisne
738 964 856 1007 vos
910 943 992 1006 ad
1044 942 1334 1026 patrium
1386 941 1574 1006 illum
1623 942 1910 1007 animum
1955 942 2415 1026 maiorumque

379 1031 691 1096 virtutem
736 1030 1127 1095 excitaturi?
1172 1028 1476 1095 fuistisne
1513 1030 1860 1114 aliquando
1897 1050 2035 1094 rem
2072 1030 2414 1113 publicam

380 1141 421 1183 a
472 1118 731 1185 funesto
787 1118 1041 1183 latrone
1094 1117 1482 1202 repetituri?
1537 1140 1622 1183 an
1675 1118 1876 1182 etiam
1929 1122 2073 1181 tum
2124 1119 2414 1201 quiesce-
2441 1141 2488 1179 ιο

378 1208 565 1291 retis,
628 1206 1122 1290 cunctaremini,
1178 1205 1529 1290 timeretis,
1583 1228 1731 1271 cum
1783 1227 1923 1271 rem
1976 1205 2325 1289 publicam
2378 1227 2416 1270 a

378 1295 943 1361 facinerosissimis
1008 1294 1259 1359 sicariis
1324 1299 1393 1358 et
1455 1316 1496 1357 a
1557 1294 1763 1359 servis
1825 1314 1968 1359 esse
2025 1314 2416 1379 oppressam

380 1389 576 1467 atque
638 1383 1087 1450 conculcatam
1144 1381 1495 1446 videretis?
1605 1381 1808 1448 Cuius
1860 1382 2068 1467 igitur
2125 1387 2416 1447 mortem

378 1470 869 1556 ulcisceremini,
904 1471 1226 1556 siquidem
1261 1470 1454 1535 liberi
1492 1491 1632 1535 esse
1665 1475 1734 1534 et
1758 1471 1998 1535 habere
2026 1490 2170 1535 rem
2197 1470 2416 1554 publi-

381 1582 525 1626 cam
579 1560 987 1645 cogitaretis,
1042 1559 1122 1624 de
1178 1558 1319 1623 eius
1373 1558 1618 1624 virtute
1662 1558 1794 1624 vivi
1841 1558 1994 1643 quid
2038 1578 2160 1623 vos
2208 1559 2414 1642 loqui,
2441 1582 2486 1620 15

382 1648 536 1732 quid
600 1648 869 1733 sentire,
935 1647 1090 1731 quid
1149 1648 1467 1731 cogitare,
1533 1646 1687 1731 quid
1741 1646 2025 1711 iudicare
2081 1650 2416 1729 oporteat,

292 1756 359 1805 82
380 1736 809 1800 dubitandum
879 1735 1174 1819 putatis?
1290 1734 1386 1799 At
1455 1756 1609 1800 vero
1672 1734 1803 1818 ipsi
1863 1734 1964 1799 illi
2025 1733 2418 1817 parricidae,

383 1844 659 1908 quorum
721 1823 1089 1889 ecfrenatus
1152 1822 1336 1888 furor
1399 1823 1599 1888 alitur
1655 1822 2024 1906 inpunitate
2079 1822 2416 1905 diuturna,
2524 1844 2525 1908 1

381 1912 540 1978 adeo
603 1911 738 1977 vim
798 1912 1108 1980 facinoris
1170 1912 1274 1976 sui
1332 1912 1868 1996 perhorruerunt,
1929 1913 2030 1994 ut,
2094 1910 2153 1976 si
2207 1911 2416 1995 paulo

380 2001 642 2086 longior
696 2001 915 2084 opinio
968 1999 1202 2065 mortis
1250 1999 1426 2065 Sesti
1478 2001 1741 2084 fuisset,
1797 1997 2165 2063 Gracchum
2215 1999 2416 2064 illum
2441 2025 2484 2063 20

382 2110 571 2155 suum
642 2089 1074 2153 transferendi
1144 2089 1215 2153 in
1284 2110 1406 2154 nos
1479 2051 1770 2154 criminis
1843 2109 2039 2154 causa
2112 2087 2416 2153 occidere

384 2177 754 2262 cogitarint.
869 2175 1088 2241 Sensit
1160 2177 1515 2242 rusticulus
1585 2198 1719 2242 non
1790 2176 2091 2241 incautus
2167 2173 2418 2261 (neque
2522 2197 2523 2244 3

384 2265 557 2330 enim
616 2264 915 2330 homines
975 2286 1255 2348 nequam
1315 2270 1530 2330 tacere
1583 2263 1964 2350 potuerunt)
2020 2284 2212 2328 suum
2271 2285 2418 2328 san-

384 2354 649 2438 guinem
711 2353 936 2437 quaeri
998 2353 1080 2417 ad
1143 2353 1672 2438 restinguendam
1729 2352 2039 2418 invidiam
2093 2351 2416 2417 facinoris

385 2439 708 2525 Clodiani3
752 2441 1133 2506 mulioniam
1175 2442 1522 2526 paenulam
1567 2441 1862 2525 arripuit,
1908 2461 2056 2505 cum
2102 2461 2237 2525 qua
2281 2442 2416 2524 pri-
2442 2465 2488 2505 25

384 2550 563 2594 mum
607 2528 885 2594 Romam
941 2529 1021 2592 ad
1074 2530 1342 2594 comitia
1385 2533 1677 2613 venerat3
1731 2528 2046 2595 messoria
2090 2549 2160 2594 se
2211 2531 2418 2593 corbe
2520 2563 2521 2602 ‡

386 2617 691 2682 contexit.
782 2617 947 2684 Cum
994 2621 1378 2717 quaererent
1425 2617 1536 2681 alii
1581 2615 1992 2701 Numerium,
2049 2616 2164 2679 alii
2213 2616 2420 2693 Quin-

326 2747 335 2761 ·
384 2707 569 2788 tium,
614 2706 859 2791 gemini
901 2705 1186 2770 nominis
1229 2727 1445 2770 errore
1483 2709 1777 2770 servatus
1815 2709 1935 2770 est.
2024 2704 2254 2788 Atque
2291 2706 2420 2770 hoc

384 2794 572 2859 scitis
619 2815 859 2876 omnes,
909 2814 1114 2877 usque
1160 2795 1319 2858 adeo
1364 2793 1694 2858 hominem
1737 2794 1809 2857 in
1851 2792 2141 2877 periculo
2185 2793 2419 2878 fuisse,

387 2883 597 2966 quoad
633 2882 871 2946 scitum
908 2886 1010 2944 est
1050 2879 1338 2946 Sestium
1372 2882 1604 2946 vivere.
1689 2881 1877 2957 Quod
1909 2881 1981 2945 ni
2017 2884 2194 2945 esset
2232 2886 2418 2965 pate·
2441 2909 2488 2946 ω

384 2970 632 3034 factum
694 2970 889 3054 paulo
946 2969 1167 3053 citius,
1232 2992 1428 3054 quam
1481 2970 1742 3054 vellem,
1803 2991 1938 3034 non
1989 2969 2090 3033 illi
2146 2971 2418 3052 quidem

384 3062 596 3123 morte
646 3057 1073 3122 mercennarii
1117 3057 1220 3123 8111
1264 3057 1617 3122 transferre
1661 3058 2035 3142 potuissent
2075 3057 2418 3142 invidiam,

384 3147 457 3210 in
510 3167 675 3229 quos
728 3147 1078 3230 putabant,
1133 3146 1247 3210 sed
1301 3147 1703 3212 acerbissimi
1759 3146 2020 3212 sceleris
2071 3145 2418 3211 infamiam

298 3253 367 3301 83
388 3238 579 3317 grato
637 3234 917 3318 quodam
962 3234 1202 3298 scelere
1249 3235 1653 3299 minuissent.
1744 3235 1844 3300 Ac
1890 3235 1947 3299 si
1991 3239 2138 3299 tum
2181 3233 2260 3299 P.
2310 3235 2418 3300 Se-

390 3320 581 3403 stius,
636 3321 907 3405 iudices,
956 3322 1027 3386 in
1070 3324 1316 3406 templo
1365 3321 1659 3388 Castoris
1705 3323 2014 3408 animam,
2061 3345 2264 3408 quam
2309 3326 2418 3388 vix
2442 3347 2488 3389 ³⁵

389 3407 679 3491 retinuit,
724 3409 1048 3493 edidisset,
1092 3431 1227 3475 non
1270 3411 1518 3494 dubito,
1567 3411 1742 3497 quin,
1787 3413 1845 3478 si
1889 3412 2082 3477 modo
2129 3417 2308 3478 esset
2347 3414 2420 3478 in

390 3513 460 3556 18
517 3459 787 3578 publica
848 3501 1139 3580 senatus,
1202 3497 1260 3562 si
1324 3500 1634 3565 maiestas
1696 3501 1923 3586 populi
1976 3500 2264 3566 Romam
2321 3523 2418 3566 re·
