2550 3875
808 212 962 267 CAP.
1001 217 1175 267 9—11
1215 219 1246 278 ς
1284 219 1514 269 26—32.
2069 215 2202 279 485

154 395 355 458 quam
430 393 743 458 magnum
816 378 919 438 est
990 395 1340 475 personam
1411 375 1482 439 in
1553 396 1624 440 re
1696 375 1962 458 publica
2028 376 2203 440 tueri

150 460 502 544 principis!
569 482 733 545 quae
788 484 922 526 non
978 462 1212 526 animis
1268 462 1482 527 solum
1543 463 1764 547 debet,
1827 464 1942 528 sed
2001 464 2201 528 etiam

12 614 24 626 ,
157 549 370 614 0011118
454 549 697 615 servire
760 550 1039 615 civium.
1166 549 1457 614 Domum
1538 551 1824 634 recipere
1904 551 2200 637 legatum

155 637 481 722 hostium,
559 637 632 702 in
708 638 1079 705 cubiculum
1163 639 1537 722 admittere,
1619 639 1819 704 etiam
1893 641 2198 705 seducere

92 755 123 794 5
156 725 447 790 hominis
513 730 615 790 est
672 725 839 789 nihil
894 727 973 790 de
1029 725 1381 812 dignitate,
1442 727 1720 790 nimium
1774 727 1851 792 de
1907 728 2198 811 periculo

24 817 55 830 “
156 813 535 900 cogitantis.
647 812 836 889 Quod
908 817 1127 879 autem
1192 819 1296 879 est
1358 815 1764 899 periculum?
1874 814 2077 899 Nam,
2141 816 2198 880 si

155 902 519 966 maximum
582 901 651 965 in
714 902 1065 967 discrimen
1120 903 1408 986 venitur,
1469 907 1585 968 aut
1638 903 1912 967 libertas
1967 908 2198 987 parata

156 990 400 1055 victori
446 993 549 1054 est
594 992 710 1054 aut
754 1011 933 1054 mors
978 991 1324 1075 proposita
1361 991 1554 1073 vict0,
1602 1012 1879 1074 quorum
1917 991 2196 1057 alterum

159 1078 453 1162 optabile
510 1081 638 1162 est,
695 1079 976 1143 alterum
1032 1079 1317 1164 effugere
1373 1100 1563 1144 nemo
1617 1083 1858 1180 potest.
1959 1078 2197 1162 Turpis

69 1196 126 1236 ιο
158 1170 381 1230 autem
427 1166 586 1252 fuga
631 1167 865 1231 mortis
914 1167 1093 1232 omni
1138 1171 1242 1232 est
1287 1172 1499 1232 morte
1535 1167 1737 1251 peior.
1819 1166 1995 1231 Nam
2033 1166 2197 1231 illud
2219 1179 2286 1228 30

159 1253 426 1338 quidem
479 1276 614 1319 non
669 1255 952 1320 adducor
1006 1259 1084 1319 ut
1138 1256 1424 1339 credam,
1489 1277 1630 1321 esse
1687 1255 2038 1356 quosdam,
2086 1255 2197 1355 qui

154 1343 496 1407 invideant
533 1341 807 1407 alicuius
846 1344 1272 1429 constantiae,
1311 1345 1424 1427 qui
1461 1343 1673 1408 labori
1711 1344 1868 1427 eius,
1907 1343 2020 1426 qui
2057 1344 2197 1407 eius

155 1433 544 1514 perpetuam
616 1431 687 1495 in
756 1453 828 1496 re
899 1432 1164 1515 publica
1236 1433 1602 1496 adiuvanda
1662 1432 2070 1496 voluntatem
2131 1435 2199 1496 et

158 1518 417 1583 senatui
489 1522 558 1583 et
620 1519 865 1603 populo
930 1519 1227 1584 Romano
1294 1520 1563 1604 probari
1625 1520 1901 1584 moleste
1965 1520 2199 1584 ferant.

69 1633 126 1674 15
162 1606 409 1672 Omnes
464 1607 531 1671 id
578 1607 840 1692 quidem
885 1607 1098 1672 facere
1145 1609 1570 1692 debebamus,
1628 1629 1832 1692 eaque
1878 1612 2021 1673 erat
2064 1630 2200 1673 non

157 1696 355 1760 modo
402 1695 573 1779 apud
619 1696 899 1760 maiores
945 1700 1229 1780 nostros,
1279 1697 1393 1760 sed
1441 1697 1642 1762 etiam
1685 1718 1894 1781 nuper
1941 1717 2198 1760 summa

154 1784 303 1848 laus
332 1783 793 1868 consularium,
820 1783 1113 1870 vigilare,
1142 1785 1367 1849 adesse
1399 1785 1635 1868 animo,
1665 1805 1921 1868 semper
1949 1784 2196 1869 aliquid

154 1893 279 1957 pro
344 1894 415 1938 re
472 1872 740 1957 publica
804 1877 920 1936 aut
985 1873 1276 1959 cogitare
1341 1877 1458 1939 aut
1520 1873 1733 1938 facere
1795 1876 1910 1939 aut
1965 1873 2195 1939 dicere.

154 1960 329 2047 Ego,
363 1965 585 2045 patres
617 1962 991 2047 conscripti,
1020 1961 1095 2038 Q.
1126 1960 1508 2027 Scaevolam
1537 1983 1851 2047 augurem
1880 1962 2196 2026 memoria
2213 1973 2281 2022 31

68 2080 127 2119 20
158 2054 353 2114 teneo
408 2050 583 2114 bello
631 2049 945 2134 Marsico,
1000 2072 1148 2115 cum
1204 2053 1380 2114 esset
1435 2072 1692 2115 summa
1745 2054 2083 2115 senectute
2129 2054 2198 2114 et

155 2138 419 2222 perdita
462 2138 851 2222 valetudine,
898 2138 1155 2223 cotidie,
1201 2138 1397 2203 simul
1437 2142 1633 2221 atque
1670 2139 1937 2222 luceret,
1982 2138 2195 2202 facere

158 2226 467 2291 omnibus
524 2226 945 2292 conveniendi
1000 2227 1103 2291 sui
1158 2230 1587 2311 potestatem3
1643 2248 1763 2292 nec
1819 2248 1969 2292 eum
2026 2228 2198 2310 quis-

158 2335 358 2399 quam
395 2314 513 2379 1110
548 2314 724 2379 bello
762 2314 929 2378 vidit
964 2314 1033 2379 in
1069 2315 1261 2398 lect0,
1309 2336 1633 2399 senexque
1673 2315 1906 2381 debilis
1943 2314 2196 2399 primus

156 2402 464 2467 veniebat
490 2402 562 2467 in
591 2402 855 2467 curiam.
921 2402 1136 2468 Huius
1165 2404 1557 2468 industriam
1587 2404 1866 2468 maxime
1895 2403 2196 2487 equidem

70 2518 128 2559 25
157 2490 397 2555 vellem
424 2495 501 2554 ut
526 2490 991 2555 imitarentur
972 2492 1041 2575 1i,
1070 2513 1233 2574 quos
1263 2493 1633 2575 oportebat,
1661 2491 1942 2558 secundo
1971 2494 2192 2555 autem
2219 2537 2295 2601 11

156 2579 333 2663 1000,
395 2599 477 2643 ne
534 2578 807 2643 alterius
861 2578 1075 2643 labori
1128 2579 1512 2645 inviderent.
1612 2579 1906 2662 Etenim,
1971 2583 2192 2662 patres
2215 2626 2283 2674 32

158 2629 534 2767 conscripti,
575 2688 723 2731 cum
760 2666 830 2730 in
864 2688 1051 2750 spem
1086 2666 1416 2732 libertatis
1456 2668 1760 2733 sexennio
1788 2670 1944 2752 post
1971 2687 2195 2730 sumus

156 2755 443 2840 ingressi
489 2754 863 2838 diutiusque
911 2755 1296 2820 servitutem
1341 2756 1661 2839 perpessi,
1707 2778 1905 2838 quam
1953 2754 2196 2838 captivi

157 2842 331 2907 servi
394 2842 571 2928 frugi
628 2846 696 2907 et
751 2842 1099 2928 diligentes
1155 2843 1398 2927 solent,
1462 2865 1625 2928 quas
1681 2843 1969 2928 vigilias,
2031 2863 2194 2925 quas

70 2960 129 2999 so
160 2930 662 3010 sollicitudines,
719 2952 883 3015 quos
940 2931 1198 2995 labores
1252 2931 1576 2996 liberandi
1632 2930 1858 3015 populi
1913 2928 2196 2994 Romani

156 3040 355 3084 causa
401 3040 699 3083 recusare
737 3019 1092 3083 debemus?
1172 3019 1515 3103 Equidem,
1560 3023 1782 3104 patres
1822 3017 2196 3101 conscripti,

155 3128 555 3191 quamquam
602 3108 726 3171 hoc
768 3106 1018 3171 honore
1054 3108 1158 3172 1181
1197 3108 1413 3193 togati
1453 3108 1666 3172 solent
1702 3127 1860 3189 esse,
1908 3128 2055 3171 cum
2093 3110 2196 3170 est

154 3197 226 3260 in
272 3196 451 3279 sagis
500 3195 751 3278 civitas,
798 3196 1005 3260 statui
1051 3199 1271 3260 tamen
1318 3218 1359 3259 a
1403 3197 1592 3260 vobis
1641 3195 2004 3278 ceterisque
2043 3194 2194 3259 civi—

153 3285 279 3348 bus
334 3284 405 3347 in
458 3287 647 3348 tanta
704 3283 1055 3348 atrocitate
1112 3284 1429 3368 temporis
1486 3287 1802 3367 tantaque
1858 3283 2194 3367 perturba-

68 3398 124 3439 35
153 3372 337 3436 tione
384 3371 479 3435 rei
523 3371 824 3455 publicae
868 3393 1005 3435 non
1050 3372 1307 3436 differre
1345 3373 1608 3437 vestitu.
1695 3371 1852 3436 Non
1888 3371 2062 3435 enim
2097 3371 2196 3435 ita

153 3460 445 3546 gerimus
508 3479 631 3523 nos
693 3460 819 3525 hoc
879 3458 1054 3523 bello
1113 3460 1515 3545 consulares,
1578 3464 1656 3525 ut
1711 3481 1918 3561 aequo
1976 3459 2192 3523 animo

148 3548 435 3633 populus
492 3546 828 3612 Romanus
874 3547 1135 3612 visurus
1182 3548 1271 3612 sit
1315 3549 1530 3613 nostri
1574 3549 1845 3613 honoris
1890 3548 2197 3634 insignia,
