2550 3875
799 131 954 187 CAP.
991 137 1134 186 2-4
1170 139 1200 198 s
1239 139 1395 187 4—9.
1522 177 1529 182 .
2000 135 2129 198 537

123 315 454 378 pacemque
517 293 874 377 patiamur3
939 293 1042 357 sin
1097 294 1306 358 otium
1360 295 1798 360 incolumibus
1852 295 1934 360 iis
1991 319 2133 361 esse

121 383 356 446 nullum
390 385 628 466 potest,
666 382 984 445 laetemur
1020 381 1393 446 decertandi
1432 384 1722 448 oblatam
1760 405 1901 449 esse
1931 383 2134 448 fortu-

119 493 278 535 nam.
361 470 501 534 Aut
556 463 732 533 enirn
785 468 1150 534 interfectis
1205 470 1338 534 illis
1393 469 1684 536 fruemur
1738 471 2007 537 victrice
2062 494 2131 538 re

120 559 367 642 publica
430 562 546 621 aut
613 557 909 641 oppressi
964 554 1166 640 (quod
1222 579 1415 624 omen
1468 563 1724 623 avertat
1778 557 2130 646 Iupp1tert)

121 647 175 710 si
215 668 342 710 non
387 645 644 729 spiritu,
690 649 761 708 at
805 645 1072 710 virtutis
1117 644 1307 710 laude
1353 646 1662 711 vivemus,

241 733 330 798 At
375 734 548 798 enim
591 753 712 798 nos
759 733 854 797 M.
881 733 1170 817 Lepidus,
1215 733 1573 817 imperator
1618 735 1874 820 iterum,
1918 737 2132 821 ponti·
2150 739 2191 802 4

117 822 217 886 fex
267 822 611 906 maximus,
668 820 912 904 optime
965 821 1261 904 proximo
1320 822 1496 886 civili
1550 823 1723 887 bello
1782 824 1859 888 de
1904 846 1975 889 re
2019 847 2133 909 pu-

113 910 278 974 blica
313 910 602 986 meritus,
646 909 727 973 ad
763 930 990 993 pacem
1027 909 1428 975 adhortatur.
1501 909 1765 976 Nullius
1803 913 1977 996 apud
2012 935 2133 990 me,

111 1002 322 1082 patres
360 997 730 1082 conscripti,
773 997 1131 1063 auctoritas
1168 999 1380 1062 maior
1417 1002 1518 1064 est
1556 1019 1752 1082 quam
1788 998 1875 1064 M.
1903 999 2134 1084 Lepidi

110 1087 208 1150 vel
251 1090 516 1170 propter
560 1085 766 1170 ipsius
811 1085 1121 1150 virtutem
1156 1087 1260 1150 vel
1297 1091 1571 1171 propter
1603 1086 1891 1152 familiae
1928 1088 2135 1188 digni-

111 1179 326 1238 tatem.
397 1174 737 1238 Accedunt
781 1173 1007 1238 eodem
1055 1175 1264 1238 multa
1308 1175 1567 1257 privata
1612 1196 1852 1261 magna
1890 1175 2027 1240 eius
2064 1176 2135 1240 ιιι

108 1285 208 1326 me
252 1262 501 1346 merita,
548 1283 694 1326 mea
739 1262 1056 1345 quaedam
1101 1261 1319 1326 officia
1363 1263 1433 1327 in
1474 1263 1693 1327 illum.
1769 1262 2133 1328 Maximum

105 1371 256 1415 vero
301 1350 438 1414 eius
485 1349 872 1414 beneficium
915 1371 1206 1433 numero,
1252 1350 1423 1432 quod
1470 1351 1595 1416 hoc
1633 1351 1851 1416 animo
1888 1351 1960 1416 ιιι
1995 1371 2135 1416 rem

103 1438 431 1522 publicam
475 1442 596 1520 est,
642 1459 805 1521 quae
853 1437 1016 1501 mihi
1061 1438 1198 1501 vita
1242 1460 1391 1502 mea
1436 1459 1691 1523 semper
1736 1439 1864 1503 fuit
1907 1439 2133 1504 carior.

104 1526 276 1590 Nam
346 1548 496 1591 cum
558 1524 873 1610 Magnum
935 1524 1345 1610 Pompeium,
1418 1527 1855 1592 clarissimum
1923 1528 2133 1592 adule-
2154 1543 2189 1592 8

101 1618 407 1697 scentem,
441 1613 994 1697 praestantissimi
1031 1614 1154 1677 viri
1181 1614 1409 1697 filium,
1446 1616 1838 1680 auctoritate
1868 1616 2135 1692 adduxit

101 1703 183 1766 ad
228 1723 455 1785 pacem
501 1723 766 1785 remque
809 1701 1140 1785 publicam
1183 1702 1321 1765 sine
1360 1702 1557 1767 armis
1597 1704 1881 1769 maximo
1919 1703 2132 1769 civilis

98 1790 258 1854 belli
322 1790 612 1874 periculo
667 1789 1000 1874 liberavit,
1063 1793 1207 1853 tum
1261 1813 1364 1854 me
1422 1791 1558 1854 eius
1613 1792 1929 1856 beneficio
1983 1792 2132 1876 plus

99 1899 296 1962 quam
369 1898 488 1963 pro
562 1876 742 1942 virili
799 1881 987 1962 parte
1053 1877 1423 1963 obligatum
1485 1882 1667 1963 puto.
1769 1878 2001 1964 Itaque
2067 1884 2135 1945 et

93 1968 380 2031 honores
428 1966 486 2031 ei
534 1966 804 2050 decrevi,
851 1988 1014 2050 quos
1056 1968 1245 2050 potui
1284 1967 1742 2052 amplissimos,
1786 1968 1859 2032 in
1895 1968 2131 2051 quibus

91 2055 260 2120 mihi
305 2076 424 2119 vos
472 2054 633 2119 estis
675 2055 952 2138 adsensi,
995 2076 1116 2119 nec
1150 2077 1464 2138 umquam
1501 2056 1577 2120 de
1615 2056 1731 2119 illo
1768 2060 1839 2120 et
1874 2076 2133 2140 sperare

89 2142 2135 2315 ἓιῖἓῗέρῑὲῃὲἓΨὲξεὲἓξὲἓὲὶωΜὲΞὲξὶὧᾏωὲξὲἒιῗὲἓέᾞέ

89 2317 409 2383 nobilitas
441 2322 562 2403 est,
593 2340 816 2383 omnes
844 2320 1145 2402 honores,
1173 2320 1652 2419 amplissimum
1680 2320 2136 2405 sacerdotium,

89 2406 382 2490 plurima
431 2368 614 2471 urb'is
661 2411 1066 2507 ornamenta,
1123 2408 1358 2492 ipsius,
1410 2408 1637 2472 fratris
1684 2409 2134 2510 maiorumque

89 2582 446 2647 familiaris
485 2602 633 2645 cum
669 2582 903 2666 ampla,
948 2586 1092 2646 tum
1131 2586 1313 2647 casta
1350 2605 1389 2647 a
1426 2606 1653 2649 cruore
1690 2584 1897 2669 civili3
1939 2606 2133 2649 nemo

89 2670 176 2734 ab
237 2690 316 2734 eo
374 2668 534 2734 civis
587 2669 898 2754 violatus,
957 2671 1152 2735 multi
1205 2671 1343 2735 eius
1399 2672 1711 2737 beneficio
1769 2676 1837 2737 et
1888 2672 2136 2736 miseri-

89 2757 322 2823 cordia
365 2757 646 2823 liberati.
735 2757 914 2823 Talis
959 2758 1168 2843 igitur
1211 2760 1312 2823 vir
1352 2763 1422 2823 et
1458 2760 1617 2824 civis
1656 2760 1962 2844 opinione
1998 2759 2135 2824 labi

89 2848 349 2929 potest,
413 2846 750 2909 voluntate
803 2868 845 2909 a
899 2868 967 2910 re
1021 2847 1285 2929 publica
1339 2847 1649 2911 dissidere
1704 2848 1884 2911 nullo
1938 2851 2133 2931 pacto

88 2936 338 3016 potest.
429 2932 667 2997 Pacem
711 2934 855 2998 vult
897 2933 984 2997 M.
1021 2934 1323 3017 Lepidus.
1414 2934 1783 3019 Praeclare,
1830 2934 1888 2998 si
1933 2936 2191 2999 talem9

89 3024 321 3104 potest
385 3019 669 3105 efficere,
734 3022 992 3105 qualem
1053 3043 1260 3105 nuper
1321 3021 1561 3106 effecit3
1626 3044 1755 3105 qua
1806 3044 1965 3106 paee
2021 3021 2134 3088 On.
2226 3084 2231 3091 .

91 3108 372 3193 Pompei
425 3106 636 3172 filium
689 3130 792 3177 res
846 3110 1111 3193 publica
1166 3111 1441 3194 aspiciet
1479 3124 1739 3194 ’suoque
1798 3110 1945 3174 sinu
1991 3131 2137 3175 con-

91 3197 420 3282 plexuque
467 3197 739 3281 recipiet
781 3219 990 3281 neque
1037 3199 1250 3262 solum
1295 3198 1503 3281 illum,
1550 3198 1663 3262 sed
1709 3220 1857 3263 cum
1900 3198 2017 3262 illo
2067 3221 2136 3264 se

91 3289 310 3368 ¹[psam
367 3285 497 3350 sibi
551 3286 928 3349 restitutam
972 3286 1252 3369 putabit.
1342 3284 1525 3350 Haec
1572 3308 1768 3351 causa
1812 3286 1968 3370 fuit,
2023 3308 2139 3351 cur

91 3373 530 3439 iecerneretis
577 3377 865 3438 statuam
908 3373 978 3437 in
1021 3374 1257 3438 rostris
1306 3395 1454 3438 cum
1494 3375 1919 3459 inscriptione
1956 3396 2137 3459 prae·

91 3462 289 3545 alara,
321 3482 437 3527 cur
465 3462 721 3527 absenti
752 3462 1175 3546 triumphum.
1233 3461 1441 3539 Quam
1449 3483 1645 3546 quam
1670 3463 1843 3527 enim
1862 3476 2137 3548 magnas
