2550 3875
815 808 912 884 M.
969 808 1258 883 mm
1312 808 1811 885 clonaoms

389 994 596 1079 PRO
657 974 752 1077 L.
821 991 1347 1078 CORNELIO
1412 991 1768 1079 BALBO
1834 991 2245 1079 ORATIO.

1021 1306 1613 1368 ARGUMENTUM.

443 1445 506 1499 L.
555 1438 848 1501 Cornelius
893 1438 1106 1494 Balbus
1149 1438 1467 1494 Gaditanus
1511 1438 1637 1494 fuit.
1710 1437 1850 1495 Cum
1886 1436 2184 1520 Gaditani,
2227 1436 2332 1507 qui

299 1515 418 1570 iam
455 1530 505 1567 a.
543 1530 599 1567 u.
637 1529 683 1567 c.
725 1517 828 1567 542
866 1526 996 1564 cum
1030 1510 1090 1565 L.
1127 1509 1371 1579 Marcio,
1408 1509 1600 1579 equite
1636 1509 1918 1577 Romano,
1956 1508 2056 1579 qui
2090 1508 2329 1564 mortuis

301 1586 399 1640 Cn.
437 1586 498 1638 et
525 1583 584 1637 P.
615 1580 978 1653 Scipionibus
1017 1580 1090 1635 ab
1128 1580 1382 1636 exercitu
1417 1580 1532 1635 dux
1568 1584 1692 1635 erat
1716 1581 1918 1648 factus,
1955 1580 2154 1636 foedus
2180 1580 2331 1634 fece-

302 1656 456 1723 rant,
501 1655 708 1725 postea
749 1669 884 1708 vero
931 1668 983 1707 a.
1029 1669 1084 1707 ιι.
1121 1669 1168 1706 c.
1206 1659 1275 1708 67
1282 1658 1314 1706 6
1350 1651 1426 1705 Μ.
1464 1651 1708 1708 Aemilio
1745 1624 1958 1734 Lepido
1997 1651 2061 1717 Q.
2097 1650 2331 1705 Lutatio

302 1697 504 1782 Catulo
541 1741 703 1792 coss„
742 1722 896 1793 quod
929 1721 1077 1776 illud
1102 1722 1303 1778 foedus
1330 1721 1685 1777 Marcianum
1710 1722 1895 1777 minus
1922 1722 2144 1786 firmum
2169 1720 2335 1777 vide-

300 1797 488 1865 batur,
526 1811 562 1849 a
599 1797 802 1849 senatu
839 1793 911 1848 de
946 1792 1174 1848 foedere
1200 1792 1630 1863 postulaverant
1656 1795 1716 1848 et
1740 1794 1939 1848 foedus
1966 1792 2113 1847 illud
2138 1791 2335 1863 pristi-

301 1884 438 1922 num
465 1867 892 1933 renovaverant,
923 1863 1120 1933 quod'
1102 1882 1294 1935 ipsum
1319 1865 1512 1919 tamen
1538 1882 1651 1934 pop
1654 1864 1738 1919 uli
1763 1863 2048 1919 Romani
2031 1881 2191 1919 iussu
2216 1881 2336 1948 non

303 1941 431 1994 erat
483 1938 900 2020 confirmatum,
957 1952 1082 1991 sese
1129 1935 1204 1990 ad
1251 1934 1345 1991 Cn.
1393 1884 1651 2006 Pompei
1673 1935 2051 2004 voluntatem,
2106 1952 2234 1990 cum
2278 1933 2334 1990 is

305 2008 616 2066 exercitum
667 2007 731 2062 in
779 2007 1064 2090 Hispania
1105 2006 1363 2074 duceret,
1415 2007 1822 2089 applicassent,
1878 2007 1939 2061 ιιι
1985 2023 2051 2061 eo
2094 2022 2335 2060 numero

304 2081 481 2136 etiam
525 2079 742 2134 Balbus
785 2079 922 2144 fuit,
969 2077 1069 2148 qui
1114 2093 1151 2132 a
1193 2076 1292 2132 On.
1338 2076 1477 2132 Pom
1518 2077 1634 2146 eio,
1681 2077 1776 2132 cui
1820 2077 1911 2132 lex
1956 2093 1993 2132 a
2034 2076 2096 2133 L.
2143 2076 2336 2132 Gellio

303 2150 601 2222 Poplicola
646 2153 708 2205 et
743 2149 840 2205 Cn.
880 2147 1139 2204 Cornelio
1175 2147 1417 2203 Lentulo
1498 2147 1729 2203 lodiano
1777 2165 1919 2203 coss,
1956 2165 2005 2202 a.
2042 2166 2096 2202 ιι.
2138 2164 2184 2203 c.
2226 2153 2334 2202 682

303 2223 429 2277 lata
472 2237 603 2276 eam
645 2221 1005 2303 potestatem·
1027 2219 1266 2288 fecerat,
1316 2236 1444 2273 cum
1480 2219 1612 2273 aliis
1650 2218 1950 2275 Gaditanis
1988 2217 2061 2273 ob
2100 2235 2339 2288 operam

304 2293 367 2347 in
401 2308 463 2347 re
498 2291 741 2346 militari
768 2289 1039 2346 Romanis
1065 2292 1337 2345 navatam
1366 2289 1602 2344 civitate
1631 2289 1875 2344 donatus
1904 2290 2006 2344 est.
2081 2238 2235 2354 Qui
2214 2306 2339 2344 lam

305 2363 448 2446 civis
486 2363 772 2418 Romanus
809 2363 935 2416 erat
967 2361 1154 2416 factus
1189 2361 1249 2416 L.
1288 2359 1579 2416 Cornelius
1616 2359 1846 2428 Balbus,
1880 2359 1944 2413 ιιι
1970 2357 2067 2414 On.
2095 2359 2341 2429 Pompei

305 2437 366 2490 et
412 2434 475 2489 ιιι
522 2433 580 2489 C.
619 2431 876 2489 Caesaris
930 2431 1386 2486 familiaritatem
1430 2446 1554 2485 sese
1598 2430 1988 2486 insinuaverat
2032 2431 2093 2485 et
2138 2447 2341 2485 eorum

305 2504 496 2629 gir-aii&
527 2503 765 2628 {pibus-
773 2519 1022 2626 crescgre
1059 2503 1372 2627 gudgerat.
1412 2501 1553 2626 Has-,c
1563 2500 1957 2629 Creccommoti
1988 2499 2338 2627 ιιινιιέιιῂθὶιιε

305 2592 336 2629 e
614 2572 786 2656 mani,
824 2591 922 2642 qm
962 2591 1028 2628 us
1109 2592 1161 2629 n.
1239 2591 1334 2629 om
1376 2588 1431 2626 ei
1467 2588 1498 2626 e
1696 2589 1906 2628 aesans
1942 2588 2113 2627 recon
2214 2589 2251 2626 a
2276 2589 2340 2628 10

304 2645 527 2716 gratiae
576 2644 765 2699 minus
819 2643 1111 2714 wamba,
1169 2661 1220 2700 a.
1266 2592 1418 2700 mpc.
1466 2649 1570 2700 698
1626 2641 1722 2699 Cn.
1775 2641 2034 2698 Cornelio
2089 2643 2338 2698 Lentulo

303 2715 636 2776 Marcellino
682 2715 746 2773 L.
783 2662 998 2770 Marcio
1034 2686 1300 2785 Pflssippo
1346 2730 1488 2769 coss.
1538 2715 1867 2782 effecerunt,
1912 2716 1980 2768 ut
2016 2712 2339 2768 Gaditanus

304 2786 540 2857 quidam
582 2785 644 2840 L.
690 2784 1010 2841 Cornelium
1055 2785 1301 2839 Balbum
1349 2786 1644 2840 accusaret
1688 2787 1748 2838 et
1790 2783 1972 2838 civem
2016 2786 2343 2838 Romanum

304 2874 429 2913 esse
456 2874 528 2911 ne
571 2858 710 2912 aret.
767 2858 821 2910 Is
847 2855 958 2910 hoc
987 2858 1337 2925 argumento,
1365 2857 1433 2910 ut
1460 2855 1752 2910 civitatem
1778 2856 1840 2911 L.
1863 2855 2122 2911 Cornelio
2151 2855 2339 2910 Balbo

305 2930 427 2983 sine
472 2928 550 2982 du
591 2927 649 2982 io
687 2944 724 2981 a
759 2925 854 2982 Cn.
894 2926 1160 2996 Pompeio
1199 2926 1396 2980 datam
1430 2925 1768 2994 infirmaret,
1814 2943 1949 2980 usus
1987 2927 2133 3009 erat,
2180 2925 2341 2995 quod

305 2999 524 3054 diceret
566 3014 638 3053 ex
672 2997 964 3052 foederato
1000 2997 1210 3066 populo
1236 2997 1525 3052 neminem
1549 2995 1820 3065 potuisse,
1858 2996 1970 3051 nisi
1995 2997 2044 3052 is
2070 2996 2337 3066 populus,

307 3069 468 3124 cuius
514 3069 655 3124 civis
703 3070 877 3136 esset,
935 3066 1056 3122 eius
1101 3069 1186 3122 rei
1229 3068 1438 3122 fundus
1482 3067 1669 3122 factus
1715 3069 1889 3133 esset,
1936 3066 1998 3122 in
2043 3066 2343 3122 civitatem

303 3139 624 3194 Romanam
658 3138 866 3194 venire.
938 3139 1063 3193 Hoc
1107 3137 1197 3193 ius
1235 3140 1410 3192 etiam
1447 3136 1745 3192 Gaditanis
1780 3137 2008 3192 foedere
2046 3153 2169 3192 esse
2204 3154 2343 3192 con-

307 3225 552 3275 cessum3
589 3209 815 3291 idcirco·
840 3209 902 3263 L.
941 3208 1262 3263 Cornelium
1300 3208 1547 3263 Balbum
1581 3210 1797 3263 iniussu
1829 3207 2032 3279 populi
2067 3206 2347 3262 Gaditani

304 3296 420 3334 non
462 3280 719 3362 potuisse
766 3279 943 3335 civem
982 3279 1304 3334 Romanum
1338 3279 1480 3334 fieri.
1555 3277 1696 3334 Cum
1729 3279 1874 3333 haec
1910 3278 2197 3333 accusatio
2236 3277 2341 3334 Cn.

305 3349 577 3420 Pompeio
613 3350 799 3404 minus
835 3351 1005 3419 grata
1030 3352 1200 3418 esset,
1237 3367 1353 3405 non
1380 3350 1608 3406 solum
1580 3366 1716 3477 ιέειθ
1742 3367 1845 3420 pro
1872 3348 1931 3406 L.
1962 3348 2143 3405 Balbo
2172 3348 2345 3418 dixit,

304 3435 502 3476 verum
569 3422 809 3476 ermovit
836 3420 1012 3475 etiam
1039 3423 1114 3476 M.
1139 3423 1403 3477 Crassum
1431 3425 1490 3477 et
1516 3423 1578 3476 M
1655 3437 1953 3489 iceronem‚
1982 3422 2047 3475 ut
2074 3420 2349 3477 clientem

299 3507 470 3544 suum
557 3491 900 3548 efenderent.
977 3490 1171 3547 Cicero
1217 3490 1400 3562 igitur
1444 3492 1647 3548 ultimo
1684 3493 1812 3548 loco
1847 3493 1957 3546 hac
1991 3491 2144 3564 ipsa,
2190 3509 2349 3562 quae

1956 3652 1988 3694 k
