2550 3875
847 146 1000 202 CAP.
1043 154 1177 204 ’'l-9
1219 154 1248 215 5
1290 156 1514 205 17-23,
2114 153 2200 217 731

167 312 345 377 vitus
408 309 606 393 facio,
668 314 745 375 ut
807 311 1108 375 recorder
1166 312 1389 376 1111008
1446 313 1541 378 101
1595 313 1925 400 publicae3
1985 336 2199 399 neque

173 400 346 463 enim
390 402 465 462 tu
509 420 823 482 umquam
869 402 1087 463 stante
1131 421 1266 464 non
1312 400 1505 465 modo
1552 402 1897 467 maiestate
1942 402 2198 489 horum,

172 489 288 553 sed
321 486 521 551 etiam
557 487 717 550 urbe
753 489 820 551 te
860 508 1175 572 augurem
1207 487 1348 553 fore
1376 490 1688 575 putasti)3
1724 512 1950 556 verum
1977 495 2199 556 tamen

169 579 248 640 ut
293 575 547 639 somnia
582 578 699 639 tua
733 575 1116 660 relinquam,
1163 576 1244 639 ad
1282 577 1527 641 scelera
1561 578 1837 664 veniam,
1883 580 2053 663 v010,
2096 581 2198 644 uti

110 686 140 728 5
171 664 334 729 mihi
371 664 780 747 respondeas,
818 685 966 728 cum
994 662 1081 727 M.
1110 663 1423 730 Bibulum
1464 667 1797 731 consulem
1823 688 1959 732 non
1985 631 2199 732 dicam

169 754 335 816 bene
370 751 450 815 de
487 772 556 815 re
591 751 856 852 publica
884 752 1294 837 sentientem,
1328 774 1411 817 ne
1441 757 1517 818 tu
1544 754 1708 818 mihi
1734 756 1933 821 homo
1962 760 2197 840 potens

167 836 469 923 irascare,
507 840 620 923 qui
655 840 738 904 ab
780 861 857 904 eo
896 839 1282 925 dissensisti,
1321 843 1435 907 sed
1470 841 1805 909 hominem
1843 848 2020 908 certe
2048 866 2199 908 nus·
2242 896 2245 899 .

171 950 370 1012 quam
421 928 976 1012 progredientem,
1027 927 1195 993 nihil
1250 929 1323 993 in
1376 950 1445 994 10
1491 930 1757 1013 publica
1800 932 2199 1016 molientem,

168 1020 432 1081 tantum
478 1016 694 1081 animo
744 1017 826 1080 ab
873 1016 1243 1081 actionibus
1291 1018 1425 1082 tuis
1472 1018 1994 1104 dissentientem,
2050 1042 2200 1085 cum

83 1128 140 1169 10
170 1126 322 1169 eum
395 1108 469 1168 tu
542 1104 876 1169 consulem
949 1104 1020 1169 in
1081 1105 1343 1170 vincula
1406 1106 1671 1171 duceres
1738 1112 1805 1172 et
1868 1129 1907 1171 a
1969 1109 2201 1174 tabula

167 1192 440 1257 Valeria
503 1192 792 1277 collegae
857 1192 956 1256 tui
1022 1192 1203 1258 mitti
1266 1192 1593 1279 iuberent,
1665 1194 1982 1260 fecerisne
2048 1200 2200 1260 ante

165 1284 390 1355 rostra
424 1283 694 1364 pontem
731 1280 1130 1345 continuatis
1169 1281 1628 1367 tribunalibus,
1668 1305 1786 1367 per
1824 1306 2017 1368 quem
2054 1306 2201 1349 con-

167 1369 276 1435 sul
321 1368 548 1453 populi
590 1368 872 1433 Romani
917 1370 1480 1435 moderatissimus
1519 1374 1587 1435 et
1624 1372 2199 1436 constantissimus

167 1457 434 1523 sublato
482 1456 754 1540 auxilio,
801 1457 1081 1522 exclusis
1129 1457 1385 1541 0101018,
1431 1458 1497 1524 vi
1540 1459 1950 1544 perditorum
1976 1460 2201 1525 homi-

81 1568 136 1610 15
163 1567 332 1611 01110
377 1544 652 1610 incitata
701 1546 1085 1629 turpissimo
1125 1546 1621 1631 miserrimoque
1660 1549 2031 1632 spectaculo
2067 1571 2202 1613 non

163 1636 242 1699 in
279 1654 617 1717 carcerem,
654 1635 768 1698 sed
803 1634 886 1697 ad
923 1633 1318 1718 supplicium
1356 1639 1424 1699 et
1461 1636 1542 1699 ad
1578 1656 1803 1701 necem
1840 1637 2199 1701 duceretur.

168 1722 450 1805 Quaero,
493 1743 652 1786 num
698 1722 844 1805 quis
893 1726 1044 1785 ante
1089 1726 1158 1786 te
1204 1726 1345 1787 tam
1389 1722 1591 1787 fuerit
1629 1724 1939 1809 nefarius,
1984 1725 2097 1808 qui
2132 1726 2201 1789 id
2220 1736 2291 1785 22

164 1810 422 1893 fecerit,
467 1814 544 1874 ut
587 1810 888 1894 sciamus,
933 1814 1158 1874 utrum
1193 1814 1491 1876 veterum
1526 1811 1893 1878 facinorum
1932 1813 2023 1877 sis
2060 1813 2203 1876 imi-

166 1902 354 1964 tator
391 1918 475 1962 an
508 1898 810 1964 inventor
844 1919 1194 1983 novorum3
1229 1899 1529 1984 idemque
1566 1904 1641 1965 tu
1678 1923 1827 1967 cum
1863 1900 1969 1966 his
2006 1904 2203 1986 atque

78 2011 135 2052 20
165 1987 368 2051 huius
409 1987 586 2051 modi
623 1986 912 2052 consiliis
952 2009 1027 2052 ac
1062 1949 1465 2053 facinoribus
1492 1989 1755 2054 nomine
1785 1989 1856 2055 O.
1886 1988 2203 2073 Caesarie,

165 2075 668 2141 clementissimi
731 2079 928 2159 atque
990 2075 1226 2159 optimi
1282 2076 1435 2160 viri,
1497 2078 1739 2142 scelere
1795 2099 1949 2142 vero
2006 2082 2203 2162 atque

164 2163 446 2229 audacia
499 2167 615 2227 tua
668 2161 755 2226 M.
809 2163 1124 2228 Bibulum
1178 2163 1353 2248 foro,
1418 2165 1625 2249 curia,
1688 2166 1983 2249 templiS,
2038 2166 2203 2230 locis

160 2251 454 2337 publicis
495 2251 795 2338 omnibus
833 2251 1212 2336 expulisses,
1249 2253 1577 2317 inclusum
1610 2253 1787 2318 (10101
1818 2253 2205 2337 contineres,

165 2360 450 2422 cumque
503 2361 639 2404 non
693 2339 1038 2405 maiestate
1085 2340 1372 2440 imperii,
1424 2362 1557 2405 non
1603 2341 1741 2406 iure
1788 2342 2038 2427 legum,
2093 2342 2206 2406 sed

75 2451 134 2492 25
164 2431 408 2493 ianuae
469 2427 799 2528 praesidio
852 2431 918 2491 et
970 2428 1300 2512 parietum
1354 2429 1667 2493 custodiis
1726 2429 2012 2494 consulis
2068 2431 2211 2494 vita

162 2519 536 2602 tegeretur,
581 2515 920 2580 miserisne
967 2516 1305 2600 viatorem,
1352 2516 1465 2601 qui
1508 2516 1597 2581 M.
1643 2517 1959 2582 Bibulum
2006 2519 2200 2583 domo

160 2605 237 2670 vi
277 2604 668 2688 extraheret,
703 2607 797 2688 ut,
835 2605 1058 2687 quod
1039 2627 1110 2668 m
1135 2603 1411 2689 privatis
1442 2625 1696 2689 semper
1725 2609 1827 2670 est
1856 2610 2207 2688 servatum,

161 2694 238 2758 id
275 2696 345 2755 te
383 2692 649 2756 tribuno
677 2692 764 2776 pl.
796 2692 1048 2757 consuli
1077 2693 1308 2757 domus
1338 2693 1605 2758 exilium
1633 2715 1775 2758 esse
1803 2716 1938 2759 non
1963 2698 2208 2778 posset.

165 2780 516 2863 Simulque
574 2779 737 2844 mihi
791 2781 1182 2863 respondeto
1230 2784 1331 2864 tu,
1388 2781 1503 2864 qui
1545 2803 1696 2866 nos,
1750 2783 1865 2866 qui
1911 2781 1989 2845 de
2037 2804 2206 2847 com-
2228 2796 2296 2844 23

69 2893 132 2934 zo
163 2868 360 2934 muni
399 2869 605 2933 salute
644 2867 1104 2952 consentimus,
1150 2872 1465 2952 tyrannos
1501 2891 1715 2954 vocas,
1759 2869 2044 2934 fuerisne
2080 2892 2214 2935 non

162 2957 479 3022 tribunus
516 2957 624 3041 111.,
662 2956 775 3021 sed
809 2956 1256 3021 intolerandus
1287 2978 1366 3021 ex
1394 2979 1592 3022 caeno
1620 2959 1839 3023 nescio
1871 2957 1985 3042 qui
2014 2961 2211 3040 atque

162 3067 250 3110 ex
299 3044 588 3109 tenebris
635 3047 969 3128 tyrannus,
1017 3045 1130 3129 qui
1173 3045 1462 3130 primum
1498 3067 1642 3110 eam
1679 3068 1819 3110 rem
1853 3045 2205 3145 publicam,

162 3155 340 3218 quae
391 3131 698 3216 auspiciis
742 3132 1027 3197 inventis
1076 3133 1441 3199 constituta
1487 3139 1607 3217 est,
1652 3134 1860 3198 isdem
1898 3133 2207 3216 auspiciis

162 3220 457 3286 sublatis
498 3241 802 3284 conarere
837 3225 1226 3305 pervertere,
1264 3221 1492 3286 deinde
1531 3222 1979 3286 sanctissimas
2008 3222 2210 3305 leges,

55 3333 132 3376 3⁵
161 3310 434 3374 Aeliam
481 3312 549 3372 et
583 3308 840 3373 Fufiam
877 3310 1041 3393 (1100,
1080 3331 1266 3410 quae·
1282 3309 1355 3373 10
1383 3307 1828 3374 Gracchorum
1863 3308 2208 3409 ferocitate

161 3401 238 3462 et
293 3397 366 3461 in
422 3397 693 3461 audacia
741 3395 1078 3462 Saturnini
1133 3402 1202 3461 et
1247 3397 1319 3463 in
1366 3397 1730 3462 colluvione
1776 3396 1977 3460 Drusi
2026 3400 2094 3460 et
2139 3396 2211 3460 in

162 3484 594 3550 contentione
643 3482 892 3569 Sulpici
937 3488 1005 3550 et
1047 3486 1118 3550 in
1165 3507 1394 3550 cruore
1435 3484 1749 3570 Cinnano,
1795 3485 1998 3550 etiam
2033 3484 2208 3548 inter
