2550 3875
846 162 1251 219 CAP.11-13
1292 170 1323 230 ς
1362 168 1587 220 25-30.
2134 160 2225 227 93

213 325 466 411 quando
514 328 583 389 et
628 346 698 391 se
744 325 827 390 ad
870 325 1130 411 frugem
1173 326 1433 409 bonam,
1482 329 1559 390 ut
1604 324 1859 408 dicitur,
1904 323 2226 409 recepisse

215 414 555 501 gravisque
591 413 890 479 homines
929 418 1126 498 atque
1162 378 1460 479 inlustris
1496 414 1718 479 fuisse.
1801 411 2019 479 Datur
2054 412 2229 477 enim

213 523 519 567 concessu
583 502 874 567 omnium
935 501 1088 567 huic
1151 501 1356 585 aliqui
1418 502 1609 567 ludus
1670 501 1899 586 aetati,
1962 504 2031 567 et
2082 501 2230 584 ipsa

213 595 444 655 natura
500 590 840 674 profundit
894 589 1369 655 adulescentiae
1426 590 1836 673 cupiditates.
1938 587 2116 665 Quae
2170 588 2229 653 si

161 696 188 737 ⁶
213 680 303 743 ita
365 682 740 762 erumpunt,
799 681 876 743 ut
935 678 1178 743 nullius
1238 678 1445 742 vitam
1498 677 1923 761 labefactent,
1984 676 2229 741 nullius

214 768 474 832 domum
528 770 853 849 evertant,
906 765 1135 831 faciles
1187 770 1254 831 et
1300 765 1677 831 tolerabiles
1722 764 1953 831 haberi
1997 763 2228 831 solent.

215 853 335 921 Sed
382 857 458 919 tu
503 854 666 920 mihi
710 854 1013 919 videbare
1059 876 1138 919 ex
1182 854 1512 919 communi
1556 853 1828 919 infamia
1871 852 2228 918 iuventutis
2248 863 2317 911 29

213 943 496 1026 aliquam
545 942 855 1008 invidiam
902 940 1122 1007 Caelio
1179 941 1345 1008 velle
1401 943 1710 1026 conflare3
1760 941 1984 1025 itaque
2039 962 2229 1006 omne

212 1031 371 1096 illud
417 1030 777 1114 silentium,
823 1030 995 1114 quod
1041 1034 1143 1095 est
1190 1030 1472 1095 orationi
1516 1030 1842 1095 tributum
1886 1034 2059 1113 tuae,
2102 1028 2232 1093 fuit

135 1136 186 1175 1⁰
214 1120 295 1184 ob
359 1140 506 1183 eam
569 1140 859 1200 causam,
924 1118 1098 1202 quod
1159 1140 1291 1183 uno
1351 1139 1462 1183 reo
1518 1118 1859 1203 proposito
1924 1117 2001 1181 de
2071 1116 2231 1181 mul-

211 1212 428 1272 torum
482 1207 662 1271 vitiis
719 1207 1190 1291 cogitabamus.
1279 1205 1499 1271 Facile
1546 1210 1650 1271 est
1704 1226 2007 1271 accusare
2051 1204 2232 1269 luxu-

212 1296 392 1359 riem.
492 1293 650 1359 Dies
714 1294 847 1359 iam
905 1316 1011 1359 me
1065 1294 1350 1378 deficiat,
1414 1294 1499 1378 si,
1564 1315 1727 1378 quae
1782 1293 1911 1358 dici
1964 1292 2035 1357 in
2088 1313 2232 1357 eam

214 1382 603 1447 sententiam
647 1386 950 1467 possunt,
1006 1404 1202 1447 coner
1247 1403 1650 1467 expromere3
1700 1381 1779 1446 de
1826 1380 2232 1466 corruptelis,

215 1472 291 1535 de
341 1470 705 1555 adulteriis,
759 1470 838 1535 de
882 1470 1341 1555 protervitate,
1394 1470 1473 1535 de
1519 1470 1893 1554 sumptibus
1937 1470 2233 1533 inmensa

132 1577 185 1617 ιι.
214 1559 426 1623 oratio
492 1562 610 1623 est.
719 1557 815 1624 Ut
869 1558 995 1623 tibi
1050 1580 1234 1623 reum
1286 1558 1641 1642 neminem,
1705 1558 1817 1623 sed
1870 1556 2036 1623 vitia
2086 1578 2233 1641 pro-

209 1668 434 1731 ponaS,
480 1668 583 1712 res
627 1650 850 1711 tamen
893 1646 1040 1731 ipsa
1084 1650 1152 1711 et
1195 1647 1458 1731 copiose
1504 1650 1572 1711 et
1616 1646 1906 1731 graviter
1940 1643 2233 1711 accusari

207 1737 449 1819 potest.
541 1732 667 1799 Sed
719 1738 974 1799 vestrae
1031 1734 1420 1817 sapientiae,
1474 1734 1746 1818 iudices,
1801 1737 1903 1799 est
1945 1755 2080 1798 non
2124 1732 2233 1797 ab·

210 1824 358 1889 duci
406 1822 487 1886 ab
534 1844 646 1888 reo
691 1844 830 1907 nec,
877 1844 1040 1907 quos
1088 1822 1347 1887 aculeos
1392 1821 1635 1888 habeat
1672 1821 1985 1887 severitas
2024 1820 2233 1906 gravi-

211 1915 444 1995 tasque
490 1915 734 1994 vestra,
779 1933 929 1978 cum
975 1932 1086 1976 eos
1133 1913 1475 1976 accusator
1520 1910 1799 1976 erexerit
1843 1910 1913 1976 in
1957 1931 2114 1994 rem,
2163 1908 2234 1974 in

127 2019 182 2058 20
210 2000 402 2084 vitia,
450 2000 521 2064 in
565 2022 806 2084 moreS,
851 1999 922 2064 in
967 2003 1282 2083 tempora,
1329 1999 1629 2066 emittere
1674 1999 1745 2064 in
1786 1998 2120 2064 hominem
2166 2002 2234 2062 et

207 2089 280 2152 in
327 2109 528 2172 reum,
573 2110 720 2153 cum
764 2089 822 2152 is
863 2110 997 2153 non
1035 2109 1153 2152 suo
1191 2087 1479 2170 crimine,
1526 2087 1639 2152 sed
1674 2086 2033 2152 multorum
2069 2085 2231 2150 vitio

209 2176 302 2240 sit
334 2175 404 2240 in
433 2176 754 2260 quoddam
782 2176 1004 2241 odium
1030 2176 1349 2240 iniustum
1376 2179 1666 2241 vocatus.
1738 2173 1972 2259 Itaque
2000 2173 2232 2240 severi·
2252 2183 2321 2231 30

207 2264 339 2328 tati
383 2267 560 2347 tuae,
605 2267 682 2328 ut
727 2267 1016 2348 oportet,
1059 2263 1156 2328 ita
1200 2264 1587 2349 respondere
1633 2284 1767 2328 non
1811 2263 2046 2347 aude03
2092 2264 2233 2326 erat

209 2353 389 2416 enim
417 2373 634 2416 meum
660 2350 992 2436 deprecari
1018 2352 1429 2417 vacationem
1456 2351 1931 2416 adulescentiae
1952 2350 2234 2414 veniam-

119 2457 180 2498 25
210 2461 340 2523 que
391 2444 639 2524 petere3
690 2461 850 2524 non,
903 2440 1198 2523 inquam,
1253 2439 1487 2524 aude03
1539 2438 1857 2524 perfugiis
1902 2460 2037 2503 non
2080 2441 2234 2502 utor

206 2528 470 2612 aetatis,
515 2549 824 2593 concessa
867 2528 1170 2593 omnibus
1215 2527 1363 2592 iura
1406 2527 1699 2612 dimitt03
1754 2529 2016 2591 tantum
2060 2529 2235 2610 pet0,

205 2619 314 2699 ut,
370 2616 428 2680 si
483 2637 611 2699 qua
664 2619 767 2681 est
819 2616 1064 2680 invidia
1117 2616 1479 2681 communis
1532 2615 1661 2680 hoc
1713 2617 2007 2698 tempore
2064 2613 2233 2678 aeris

205 2703 436 2787 alieni,
487 2703 917 2788 petulantiae,
970 2703 1321 2769 libidinum
1361 2703 1751 2786 iuventutis,
1806 2724 2001 2787 quam
2045 2701 2233 2765 video

205 2813 356 2856 esse
412 2813 742 2894 magnam,
795 2814 878 2858 ne
931 2790 1085 2857 huie
1136 2792 1350 2856 aliena
1392 2795 1689 2874 peccata,
1742 2811 1825 2855 ne
1873 2790 2112 2855 aetatis
2158 2811 2235 2854 ac

111 2900 176 2940 so
205 2885 584 2963 temporum
628 2880 794 2945 vitia
837 2884 1135 2945 noceant.
1225 2879 1449 2964 Atque
1494 2899 1617 2965 ego
1662 2878 1864 2962 idem,
1914 2877 2026 2978 qui
2071 2877 2233 2943 haec

200 2966 494 3052 postulo,
540 2968 698 3053 quin
744 2967 1144 3052 criminibus,
1191 2990 1356 3052 quae
1402 2966 1473 3032 in
1515 2967 1690 3032 hunc
1724 2966 1987 3051 proprie
2025 2964 2235 3031 confe-

202 3060 472 3140 runtur,
517 3055 1018 3142 diligentissime
1049 3057 1507 3158 respondeam,
1550 3076 1685 3120 non
1729 3075 1977 3119 recuso.

347 3141 516 3208 Sunt
551 3148 770 3210 autem
807 3145 935 3210 duo
975 3144 1264 3228 crimina,
1306 3143 1449 3208 auri
1485 3146 1555 3208 et
1590 3141 1847 3226 veneni3
1891 3141 1961 3204 in
1998 3140 2233 3224 quibus
2258 3147 2341 3212 13

199 3253 342 3298 una
388 3235 585 3315 atque
631 3231 850 3298 eadem
891 3254 1171 3316 persona
1203 3236 1519 3297 versatur.
1609 3229 1864 3296 Aurum
1900 3231 2235 3312 sumptum

108 3343 167 3384 ³5
199 3342 244 3384 a
295 3319 554 3403 Clodia,
608 3342 927 3386 venenum
975 3320 1368 3404 quaesitum,
1421 3317 1595 3403 quod
1642 3315 1906 3382 Clodiae
1954 3317 2236 3398 daretur,

198 3407 468 3472 dicitur.
561 3407 800 3472 Omnia
844 3411 1000 3473 sunt
1046 3409 1176 3473 alia
1212 3430 1348 3473 non
1383 3405 1675 3489 crimina,
1722 3405 1834 3470 sed
1872 3403 2238 3486 maledicta,

197 3495 412 3581 iurgii
483 3497 842 3582 petulantis
909 3496 1124 3582 magis
1189 3518 1383 3580 quam
1445 3493 1747 3578 publicae
1814 3491 2235 3578 quaestionis.
