2550 3875
371 159 529 241 432'
631 175 714 230 m
750 173 825 230 M.
866 173 1261 229 ANTONIUM
1298 171 1569 228 ORATIO
1607 125 2014 227 mmmm
2048 171 2144 227 1v.

373 358 769 421 quamquam
803 335 987 401 nulla
1024 339 1183 418 erat,
1221 338 1446 398 tamen
1480 356 1562 399 ne
1602 355 1728 418 qua
1763 337 1990 417 posset
2027 354 2190 416 esse,
2230 354 2412 397 sena-

370 429 480 489 tus
524 424 841 488 hodierno
888 422 991 486 die
1040 423 1328 488 sustulit.
1421 420 1492 488 O.
1539 420 1796 502 Caesar,
1849 420 1962 505 qui
2009 442 2148 485 rem
2195 421 2413 504 publi-

373 534 517 577 cam
552 511 1057 595 libertatemque
1094 514 1383 575 vestram
1421 531 1538 575 suo
1581 510 1816 594 studi0,
1856 509 2179 594 consilio,
2206 510 2413 592 patri·

372 599 594 665 monio
633 599 909 682 denique
948 603 1204 663 tutatus
1244 601 1346 662 est
1382 602 1450 662 et
1487 601 1761 680 tutatur,
1799 597 2099 661 maximis
2136 600 2412 661 senatus

318 700 352 748 3
372 688 673 752 laudibus
740 691 1010 751 ornatus
1076 690 1195 750 est.
1304 685 1558 769 Laudo,
1627 685 1818 749 laudo
1885 706 2028 769 VOS,
2094 683 2413 766 Quirites,
2471 710 2508 751 5

374 776 546 860 quod
583 775 979 860 gratissimis
1019 775 1253 838 animis
1287 773 1760 858 prosequimini
1787 793 2026 837 nomen
2055 772 2415 837 clarissimi

371 863 805 928 adulescentis
869 862 973 927 vel
1035 862 1222 946 pueri
1276 861 1498 945 potius
1565 859 1748 946 (sunt
1803 861 1977 925 enim
2030 860 2212 925 facta
2265 861 2412 925 eius

370 951 897 1034 inmortalitatis,
950 972 1190 1015 nomen
1236 949 1492 1014 aetatis.
1583 948 1798 1013 Multa
1842 948 2136 1032 memini,
2194 949 2416 1012 multa

372 1039 618 1125 audivi,
680 1039 891 1103 multa
954 1038 1114 1123 legi,
1180 1037 1500 1121 Quirites3
1560 1037 1729 1102 nihil
1785 1057 1865 1100 ex
1919 1037 2212 1100 omnium
2272 1058 2414 1100 sae-

372 1128 669 1192 culorum
731 1127 1047 1192 memoria
1100 1126 1233 1189 tale
1291 1122 1616 1211 cognovi),
1681 1124 1820 1209 qui,
1883 1146 2031 1190 cum
2087 1124 2412 1188 servitute
2449 1151 2508 1189 10

370 1237 839 1300 premeremur,
896 1215 965 1278 in
1012 1213 1148 1278 dies
1196 1214 1443 1278 malum
1490 1216 1837 1297 cresceret,
1880 1212 2189 1295 praesidii
2237 1212 2412 1276 nihil
2499 1227 2514 1238 ·

370 1303 788 1386 haberemus,
835 1301 1185 1385 capitalem
1232 1305 1300 1364 et
1344 1300 1729 1384 pestiferum
1775 1322 1814 1364 a
1859 1299 2212 1365 Brundisio
2261 1303 2411 1364 tum

370 1390 459 1454 M.
506 1390 758 1455 Antoni
803 1390 1085 1454 reditum
1131 1389 1531 1472 timeremuS,
1577 1388 1703 1453 hoc
1746 1388 2154 1471 insperatum
2201 1387 2414 1452 omni-

370 1479 495 1543 bus
544 1478 909 1562 co’nsilium,
954 1477 1366 1562 incognitum
1413 1480 1587 1541 certe
1625 1476 1886 1560 ceperit,
1932 1479 2008 1540 ut
2045 1474 2406 1540 exercitum

370 1566 689 1630 invictum
756 1587 835 1629 ex
892 1565 1183 1648 paternis
1240 1564 1564 1628 militibus
1621 1564 1967 1630 conficeret
2020 1564 2408 1648 Antonique
2447 1589 2500 1629 15

371 1653 663 1718 furorem
728 1653 1193 1719 crudelissimis
1257 1653 1548 1718 consiliis
1613 1652 1962 1717 incitatum
2025 1674 2065 1716 a
2116 1651 2412 1735 pernicie

310 1713 354 1780 2
374 1741 471 1806 rei
524 1741 825 1824 publicae
884 1744 1225 1806 averteret.
1320 1739 1480 1816 Quis
1538 1744 1640 1804 est
1685 1740 1885 1823 enim,
1941 1740 2053 1824 qui
2098 1739 2226 1804 hoc
2269 1761 2415 1804 non

374 1829 739 1914 intellegat,
789 1829 920 1893 nisi
967 1827 1208 1893 Caesar
1252 1828 1607 1893 exercitum
1653 1828 2037 1911 paravisset,
2080 1849 2216 1891 non
2263 1827 2408 1890 sine

372 1917 573 1982 exitio
638 1921 869 1983 nostro
933 1915 1229 1982 futurum
1293 1916 1547 1981 Antoni
1609 1916 1892 1981 reditum
1950 1915 2198 1980 fuisse?
2297 1913 2412 1980 Ita

372 2007 546 2071 enim
602 2027 671 2069 se
728 2006 1087 2090 recipiebat
1144 2006 1376 2069 ardens
1425 2005 1572 2070 odio
1619 2005 1848 2088 vestri,
1907 2008 2213 2069 cruentus
2263 2025 2410 2068 san-
2443 2030 2497 2069 20

371 2095 566 2179 guine
601 2094 843 2160 civium
870 2093 1334 2177 Romanorum,
1372 2114 1535 2176 quos
1567 2090 1860 2176 Suessae,
1899 2114 2062 2176 quos
2089 2091 2409 2157 Brundisi

372 2182 726 2265 occiderat,
788 2184 865 2245 ut
925 2181 1093 2245 nihil
1156 2181 1287 2245 nisi
1354 2180 1431 2245 de
1494 2180 1779 2263 pernicie
1833 2180 2062 2263 populi
2117 2178 2408 2244 Romani

372 2270 712 2354 cogitaret.
796 2267 983 2344 Quod
1030 2272 1250 2333 autem
1295 2268 1695 2352 praesidium
1741 2272 1882 2332 erat
1929 2267 2163 2341 salutis
2209 2267 2410 2333 liber-

369 2358 659 2439 tatisque
731 2360 1013 2434 vestrae,
1087 2356 1145 2421 si
1208 2356 1277 2422 C.
1343 2355 1640 2422 Caesaris
1712 2355 2230 2421 fortissimorum
2299 2356 2408 2421 sui

368 2444 578 2528 patris
629 2444 917 2508 militum
954 2444 1275 2509 exercitus
1313 2466 1448 2509 non
1482 2444 1762 2509 fuisset?
1843 2442 2044 2509 Cuius
2083 2444 2162 2508 de
2199 2444 2408 2509 laudi·
2435 2468 2494 2509 25

369 2532 494 2596 bus
551 2535 619 2595 et
668 2532 1029 2596 honoribus
1038 2583 1055 2615 ,
1112 2532 1225 2615 qui
1272 2532 1332 2597 ei
1376 2554 1495 2616 pro
1544 2532 1780 2597 divinis
1827 2535 1896 2597 et
1938 2532 2406 2597 inmortalibus

369 2620 624 2684 meritis
684 2620 887 2684 divini
940 2620 1453 2703 inmortalesque
1509 2622 1854 2703 debentur,
1917 2619 2081 2685 mihi
2136 2623 2408 2685 senatus

374 2709 684 2773 adsensus
721 2709 919 2791 paulo
958 2712 1110 2773 ante
1148 2709 1435 2773 decrevit
1470 2713 1548 2772 ut
1579 2709 1792 2792 primo
1823 2729 2080 2792 quoque
2111 2712 2406 2791 tempore

321 2815 351 2863 5
374 2795 741 2861 referretur.
843 2795 987 2872 Quo
1052 2797 1312 2861 decreto
1377 2797 1524 2879 quis
1586 2818 1721 2861 non
1771 2796 2087 2880 perspicit
2140 2796 2408 2860 hostem

374 2906 515 2949 esse
577 2884 943 2949 Antonium
1014 2884 1416 2948 iudicatum?
1528 2882 1736 2959 Quem
1809 2884 1982 2949 enim
2052 2905 2405 2967 possumus
2434 2910 2488 2950 ao

374 2972 703 3056 appellare
750 2994 917 3055 eum,
970 2975 1198 3036 contra
1246 2994 1440 3054 quem
1485 2972 1597 3055 qui
1645 2972 1964 3037 exercitus
2010 2972 2276 3056 ducunt,
2322 2972 2407 3037 iis

374 3064 639 3124 senatus
715 3060 1077 3124 arbitratur
1150 3059 1516 3143 singulares
1583 3060 2011 3143 exquirendos
2075 3059 2407 3125 honores?

374 3145 587 3222 Quid?
634 3147 807 3231 legio
851 3144 1111 3230 Martia,
1158 3168 1324 3231 quae
1361 3147 1524 3211 mihi
1559 3147 1817 3212 videtur
1853 3146 2166 3212 divinitus
2205 3148 2289 3212 ab
2327 3170 2406 3213 eo

374 3235 495 3299 deo
532 3234 811 3299 traxisse
847 3256 1103 3318 nomen,
1141 3256 1180 3298 a
1218 3255 1346 3317 quo
1383 3234 1700 3319 populum
1735 3234 2104 3300 Romanum
2141 3256 2408 3321 genera-

374 3325 519 3384 tum
584 3322 978 3405 accepimuS,
1040 3343 1175 3387 non
1236 3322 1384 3405 ipsa
1439 3322 1574 3386 suis
1633 3323 1909 3389 decretis
1965 3324 2148 3406 prius
2209 3345 2406 3407 quam
2433 3350 2484 3391 ³⁵

376 3412 640 3471 senatus
676 3408 939 3473 hostem
973 3408 1288 3472 iudicavit
1323 3408 1733 3476 Antonium?
1799 3409 1992 3493 Nam,
2031 3412 2087 3475 si
2123 3411 2236 3475 ille
2271 3433 2407 3476 non

375 3492 615 3578 hostis,
658 3495 808 3573 hos,
858 3496 970 3578 qui
1018 3495 1353 3561 consulem
1398 3496 1819 3583 reliquerunt,
1867 3499 2097 3563 hostes
2141 3520 2406 3565 necesse
