2550 3875
367 159 496 224 102
949 156 1094 212 PRO
1129 157 1206 211 M.
1243 154 1503 211 CAELIO
1543 154 1815 211 ORATIO

365 323 456 387 sit
515 321 654 386 eius
710 320 916 403 modi,
974 319 1235 403 qualem
1271 335 1416 404 'ego
1465 317 1663 403 paulo
1710 322 1863 382 ante
1910 317 2251 403 descripsi,
2305 316 2415 383 tui

367 409 735 491 dissimilis,
789 408 928 472 vita
981 408 1420 491 institutoque
1472 406 1873 490 meretriciO,
1928 428 2078 470 cum
2120 406 2245 471 hac
2292 406 2413 470 ali-

370 497 527 582 quid
591 459 1072 561 adulescentem
1134 495 1471 560 hominem
1532 494 1841 559 habuisse
1906 493 2185 558 rationis
2244 515 2411 558 num

369 585 496 650 tibi
549 588 858 668 perturpe
913 587 1030 647 aut
1082 583 1608 668 perflagitiosum
1662 602 1802 646 esse
1858 581 2201 646 videatur?
2304 582 2413 646 Ea

371 673 431 737 si
474 676 550 736 tu
593 694 730 737 non
772 693 862 755 es,
909 671 1080 736 sicut
1125 692 1246 756 ego
1294 671 1488 754 male,
1533 669 1692 753 quid
1736 673 1857 752 est,
1904 669 2078 752 quod
2116 669 2416 734 obiciant
2473 687 2505 728 5

371 759 640 826 Caelio?
744 722 862 825 Sin
916 781 1060 824 eam
1113 763 1180 822 te
1231 758 1464 823 volunt
1510 779 1681 840 esse,
1737 756 1893 842 quid
1938 761 2068 840 est,
2124 779 2238 824 cur
2281 780 2409 823 nos

373 849 620 914 crimen
662 847 806 932 hoc,
856 847 914 911 si
959 851 1037 911 tu
1083 846 1465 930 contemnis,
1510 807 2096 928 pertimescamus?
2189 845 2441 922 Quare

369 937 562 1001 nobis
631 936 713 1000 da
777 935 951 1000 viam
1013 934 1467 1018 rationemque
1532 932 1944 998 defensionis.
2050 930 2228 997 Nam
2291 938 2411 998 aut

368 1025 580 1108 pudor
625 1028 778 1088 tuus
816 1021 1117 1087 defendet
1150 1021 1319 1086 nihil
1357 1043 1398 1086 a
1432 1019 1521 1085 M.
1558 1019 1781 1086 Caelio
1817 1020 2223 1105 petulantius
2262 1043 2411 1086 esse

370 1113 646 1196 factum,
711 1115 828 1176 aut
883 1109 1266 1195 inpudentia
1322 1109 1402 1173 ad
1455 1109 1630 1174 hunc
1684 1108 2153 1174 defendendum
2206 1109 2411 1175 facul-
2445 1131 2507 1170 ιο

371 1204 580 1265 tatem
627 1200 827 1264 dabit.

509 1286 635 1354 Sed
696 1288 1006 1372 quoniam
1060 1287 1404 1353 emersisse
1459 1287 1593 1351 iam
1648 1307 1683 1352 6
1738 1286 1921 1351 vadis
1977 1291 2045 1351 et
2100 1286 2445 1371 scopulos

371 1380 824 1461 praetervecta
876 1376 1136 1439 videtur
1186 1375 1401 1440 oratio
1448 1397 1621 1459 mea,
1674 1374 2005 1476 perfacilis
2052 1374 2217 1438 mihi
2261 1375 2413 1439 reli-

373 1486 540 1548 quus
593 1485 820 1529 cursus
868 1463 1252 1528 ostenditur.
1342 1461 1490 1527 Duo
1538 1467 1693 1549 sunt
1738 1463 1913 1527 enim
1959 1463 2231 1528 crimina
2273 1485 2413 1527 una

370 1552 443 1616 in
476 1552 747 1616 muliere
787 1572 1191 1615 summorum
1225 1550 1611 1634 facinorum,
1656 1550 1817 1635 auri,
1858 1552 2032 1634 quod
2070 1554 2411 1633 sumptum
2444 1571 2505 1611 15

374 1662 415 1703 a
478 1639 709 1704 Clodia
771 1638 1037 1723 dicitur,
1103 1643 1170 1702 et
1232 1639 1490 1722 veneni,
1554 1601 1729 1722 (111οᾶ
1792 1638 2081 1702 eiusdem
2138 1637 2409 1704 Clodiae

369 1728 695 1792 necandae
741 1748 936 1791 causa
975 1748 1242 1809 parasse
1281 1726 1575 1791 Caelium
1613 1726 2060 1791 criminantur.
2150 1725 2413 1792 Aurum

374 1815 684 1898 sumpsit,
738 1817 815 1878 ut
861 1814 1107 1898 dicitiS,
1158 1815 1333 1897 quod
1376 1812 1450 1878 L.
1496 1813 1734 1879 Luccei
1782 1815 1986 1880 servis
2032 1813 2244 1896 daret,
2288 1837 2414 1898 per

373 1925 540 1988 quos
585 1865 1064 1968 Alexandrinus
1102 1901 1251 1987 Dio,
1300 1902 1413 1986 qui
1449 1906 1594 1968 tum
1630 1903 1802 1988 apud
1838 1902 2188 1968 Lucceium
2223 1865 2411 1967 1161101-
2499 1902 2506 1909 ’

372 1992 588 2075 tabat,
640 1995 1002 2057 necaretur.
1093 1990 1412 2076 Magnum
1467 1992 1715 2056 crimen
1763 1992 1867 2056 vel
1912 1992 1984 2056 in
2026 1990 2265 2076 legatis
2312 1991 2503 2055 111-110

373 2080 687 2144 sidiandis
731 2079 836 2143 vel
882 2079 953 2144 in
995 2080 1202 2144 servis
1249 2079 1332 2142 ad
1374 2079 1708 2163 hospitem
1752 2080 2001 2145 domini
2042 2080 2411 2145 necandum

373 2167 825 2250 sollicitandis,
872 2167 1140 2250 plenum
1185 2167 1449 2232 sceleris
1497 2168 1859 2252 consilium,
1902 2168 2169 2252 plenum
2216 2167 2411 2232 auda-

284 2264 352 2312 52
374 2256 537 2320 ciae!
631 2254 774 2331 Quo
824 2255 1088 2338 quidem
1122 2256 1192 2318 in
1229 2255 1499 2319 crimine
1536 2256 1825 2340 primum
1858 2256 2022 2320 illud
2058 2256 2408 2341 requiram,

372 2343 692 2407 dixeritne
738 2342 1030 2428 Clodiae,
1087 2365 1285 2428 quam
1339 2344 1448 2407 ad-
1474 2364 1615 2408 rem
1668 2366 1900 2408 aurum
1951 2347 2265 2427 sumeret,
2320 2365 2411 2409 an

369 2453 506 2496 11011
542 2430 796 2495 dixerit.
883 2429 954 2496 Si
989 2453 1124 2496 non
1158 2431 1342 2514 dixit,
1380 2453 1495 2496 cur
1532 2431 1755 2496 dedit?
1849 2430 1921 2496 Si
1956 2432 2141 2515 dixit,
2178 2431 2409 2496 eodem
2440 2454 2501 2494 25

373 2542 442 2584 se
471 2519 908 2584 conscientiae
937 2520 1180 2584 scelere
1208 2482 1516 2584 devinxit.
1562 2519 1744 2584 Tune
1772 2541 2005 2584 aurum
2023 2542 2103 2584 ex
2120 2520 2408 2585 armario

371 2610 488 2671 tuo
534 2628 833 2690 promere
881 2628 1038 2671 ausa
1085 2628 1181 2689 es,
1227 2612 1385 2671 tune
1430 2606 1767 2673 Venerem
1800 2608 1986 2672 illam
2033 2611 2219 2673 tuam
2258 2630 2409 2692 spo-

371 2695 533 2759 liare
582 2695 1012 2779 ornamentis,
1057 2695 1504 2779 spoliatricem
1550 2700 1945 2780 ceterorum,
1991 2718 2141 2761 cum
2186 2696 2411 2780 scires,

372 2786 693 2867 quantum
734 2783 816 2846 ad
852 2782 1105 2847 facinus
1145 2805 1377 2847 aurum
1411 2784 1539 2848 hoc
1578 2789 2015 2867 quaereretur,
2062 2784 2145 2848 ad
2179 2806 2409 2849 necem

369 2871 604 2955 legati,
659 2871 742 2934 ad
787 2869 859 2933 L.
906 2869 1170 2955 Luccei,
1222 2871 1622 2936 sanctissimi
1666 2872 1953 2938 hominis
2002 2876 2197 2956 atque
2242 2872 2407 2936 inte·
2438 2898 2501 2937 30

372 2958 667 3044 gerrimi,
721 2958 939 3023 labem
990 2959 1252 3024 sceleris
1302 2960 1811 3043 sempiternam?
1909 2960 2083 3025 Huic
2129 2959 2409 3025 facinori

371 3051 559 3110 tanto
605 3050 723 3109 tua
768 3068 951 3110 mens
992 3045 1284 3110 liberalis
1324 3047 1601 3131 conscia,
1646 3052 1765 3112 tua
1800 3048 2031 3113 domus
2068 3048 2407 3131 popularis

372 3133 704 3217 ministra,
762 3137 880 3198 tua
932 3133 1207 3217 denique
1263 3134 1613 3218 hospitalis
1670 3136 1788 3201 illa
1840 3135 2065 3201 Venus
2120 3136 2411 3201 adiutrix

275 3226 352 3277 53
373 3242 513 3285 esse
579 3242 716 3285 11011
778 3220 1020 3285 debuit.
1130 3220 1321 3285 Vidit
1381 3223 1507 3287 hoc
1570 3223 1847 3308 Balbus,
1920 3224 2200 3289 celatam
2264 3246 2411 3289 esse

372 3307 670 3372 Clodiam
723 3307 920 3391 dixit,
975 3311 1171 3391 atque
1227 3309 1325 3371 ita
1371 3309 1667 3375 Caelium
1722 3313 1803 3376 ad
1853 3312 2039 3376 illam
2084 3312 2410 3398 attulisse,
2438 3338 2495 3379 ss

373 3415 442 3457 se
515 3395 598 3457 ad
662 3358 967 3459 ornatuin
1028 3395 1333 3460 ludorum
1398 3420 1631 3463 aurum
1695 3420 2021 3483 quaerere.
2132 3396 2206 3464 81
2268 3364 2411 3465 tani

369 3479 715 3545 familiaris
779 3487 922 3546 erat
977 3481 1271 3569 Clodiae,
1337 3506 1535 3569 quam
1598 3490 1673 3550 tu
1733 3508 1877 3551 esse
1931 3488 2059 3572 vis,
2124 3509 2275 3552 cum
2330 3490 2411 3553 dc

264 1257 348 1322 21
