2550 3875
311 169 461 234 ,170
916 169 997 222 ΙΝ
1034 171 1097 224 L.
1134 167 1464 223 PISONEM
1501 167 1788 225 ORATIO.

324 331 543 418 patria
588 330 928 417 tenuisset,
976 331 1034 396 si
1071 331 1234 396 mihi
1272 353 1422 396 cum
1458 331 1574 395 illo
1612 329 1956 395 bustuario
1995 330 2362 412 gladiatore

330 425 398 485 et
462 425 681 484 tecum
744 423 813 485 et
879 442 1026 484 cum
1092 419 1346 505 collega
1409 422 1525 485 tuo
1589 418 2052 484 decertandum
2103 418 2361 483 fuisset.

234 519 308 567 20
328 508 483 574 Alia
529 510 703 572 enim
750 530 947 573 causa
990 508 1548 593 praestantissimi
1591 508 1736 591 viri,
1784 507 1859 582 Q.
1895 506 2168 590 Metelli,
2212 506 2362 591 fuit,

328 618 524 682 quem
580 617 702 682 ego
760 597 967 678 civem
1020 619 1167 662 meo
1225 597 1468 661 iudicio
1517 617 1664 660 cum
1709 596 1980 659 deorum
2024 595 2362 672 immorta-

326 685 492 750 lium
554 685 745 749 laude
811 686 1167 770 coniung03
1231 685 1345 768 qui
1402 682 1471 751 O.
1531 683 1632 748 illi
1686 683 1927 767 Mari'o,
1990 682 2359 748 fortissimo
2415 707 2446 747 5

325 775 468 840 viro
535 773 602 838 et
667 773 920 838 consuli
984 777 1052 837 et
1118 777 1378 838 sextum
1432 772 1714 856 consuli,
1778 776 1845 836 et
1901 771 2040 836 eius
2094 772 2360 837 invictis

325 862 719 947 legionibus,
764 884 846 927 ne
893 861 1094 926 armis
1134 862 1534 946 confligeret,
1582 860 1938 925 cedendum
1975 882 2116 924 esse
2154 861 2362 924 duxit.

328 947 518 1026 Quod
572 950 738 1014 mihi
792 950 1002 1036 igitur
1057 954 1389 1014 certamen
1444 953 1619 1014 esset
1672 949 1867 1013 huius
1925 948 2146 1013 modi?
2213 969 2363 1013 cum

327 1038 397 1104 O.
435 1037 647 1103 Mario
697 1038 949 1103 scilicet
995 1042 1111 1102 aut
1158 1061 1308 1102 cum
1353 1037 1575 1121 aliquo
1623 1038 1785 1122 pari,
1833 1058 1917 1100 an
1964 1058 2113 1101 cum
2150 1036 2360 1102 altero

326 1128 608 1192 barbaro
672 1127 989 1211 Epicuro,
1064 1149 1213 1191 cum
1288 1126 1495 1191 altero
1561 1124 1883 1192 Catilinae
1956 1125 2360 1189 lanternario
2391 1151 2444 1190 ιο

327 1215 639 1281 consule}>
712 1213 945 1299 Neque
990 1214 1254 1280 hercule
1304 1236 1428 1300 ego
1467 1214 1888 1299 supercilium
1925 1217 2114 1278 tuum
2147 1224 2360 1297 neque

107 1289 113 1298 ⁸
194 1371 201 1378 ,
328 1304 619 1389 collegae
666 1304 769 1368 tui
810 1303 1117 1388 cymbala
1160 1303 1307 1388 fugi
1350 1325 1562 1387 neque
1609 1307 1749 1367 tam
1794 1302 1892 1366 fui
1929 1302 2220 1385 timidus,
2265 1305 2361 1386 ut,

327 1393 441 1476 qui
494 1393 566 1456 in
620 1391 922 1456 maximis
976 1391 1356 1455 turbinibus
1414 1414 1490 1456 ac
1545 1391 1854 1456 fluctibus
1909 1391 2005 1454 rei
2058 1390 2360 1474 publicae

324 1503 559 1545 navem
616 1480 1087 1566 gubernassem
1134 1480 1512 1563 salvamque
1556 1481 1628 1545 in
1671 1482 1870 1564 portu
1917 1478 2360 1562 collocassem,

325 1560 565 1632 frontis
604 1573 759 1632 tuae
792 1567 1184 1633 nubeculam
1222 1573 1338 1633 aut
1377 1568 1666 1654 collegae
1705 1568 1804 1631 tui
1838 1568 2360 1632 contaminatum
2390 1593 2442 1634 15

234 1663 303 1712 21
330 1657 637 1740 spiritum
681 1657 1230 1742 pertimescerem.
1323 1656 1510 1722 Alios
1559 1677 1682 1742 ego
1728 1656 1861 1719 vidi
1898 1659 2150 1739 ventos,
2195 1655 2359 1720 alias

324 1744 635 1896 ξέἕὲἷίῗ
679 1745 1286 1917 ἒῖὲωίθέἐοοῖἐῗ
1296 1744 2361 1898 b12¹¹¹3nff1321333ffi3¹2¹¹⁸03332

328 1921 539 1986 salute
607 1921 835 1986 obtuli.
938 1921 1171 2006 Itaque
1229 1921 1521 1987 discessu
1575 1926 1719 1987 tum
1774 1856 1928 1987 med)
1978 1943 2202 1987 omnes
2258 1921 2360 1986 illi

322 2010 560 2075 nefarii
634 2010 837 2095 gladii
911 2011 987 2076 de
1061 2010 1366 2077 manibus
1431 2011 1898 2075 crudelissimis
1964 2010 2359 2094 exciderunt,
2387 2033 2441 2072 20

328 2121 476 2163 cum
513 2099 776 2183 quidem
813 2103 906 2183 tu,
954 2121 992 2165 o
1031 2121 1297 2165 vaecors
1336 2104 1404 2164 et
1439 2100 1692 2164 amens!
1752 2121 1900 2164 cum
1937 2120 2162 2163 omnes
2201 2098 2359 2163 boni

326 2188 538 2252 abditi
591 2187 959 2271 inclusique
1014 2192 1410 2272 maererent,
1463 2166 1713 2272 templa
1763 2192 2127 2272 gemerent,
2182 2190 2361 2251 tecta

322 2275 473 2360 ipsa
515 2275 700 2341 urbis
746 2276 1068 2361 lugerent,
1116 2276 1493 2361 complexus
1541 2298 1610 2339 es
1653 2275 1989 2340 funestum
2023 2275 2188 2339 illud
2227 2276 2362 2339 ani-

324 2364 459 2428 mal
523 2385 602 2428 ex
662 2364 934 2430 nefariis
1002 2365 1277 2449 stupris,
1344 2387 1422 2430 ex
1489 2364 1666 2429 civili
1723 2386 1979 2448 cruore,
2043 2386 2123 2427 ex
2179 2364 2360 2428 omni

324 2452 643 2517 scelerum
717 2452 1198 2537 inportunitate
1274 2456 1663 2537 conceptum
1733 2456 1930 2536 atque
1997 2452 2226 2516 eodem
2289 2452 2360 2516 in
2385 2472 2437 2516 ιε

324 2540 593 2641 temp10,
645 2541 872 2606 eodem
918 2541 1048 2605 loci
1092 2541 1378 2627 vestigio
1427 2544 1495 2605 et
1539 2540 1858 2624 temporis
1906 2540 2184 2605 arbitria
2225 2562 2361 2607 non

324 2628 455 2692 mei
504 2629 745 2713 solum,
792 2629 904 2694 sed
950 2630 1203 2712 patriae
1251 2629 1498 2694 funeris
1547 2627 1903 2693 abstulisti.

460 2716 631 2793 Quid
697 2737 820 2802 ego
875 2716 1143 2781 illorum
1198 2716 1450 2782 dierum
1506 2717 1731 2801 epulas
1741 2768 1759 2801 ,
1825 2716 1980 2800 quid
2034 2686 2362 2781 laetitiam

230 2772 391 2869 met
445 2804 960 2889 gratulationem
1017 2809 1226 2889 tuam,
1283 2805 1439 2889 quid
1497 2828 1645 2870 cum
1699 2805 1831 2870 tuis
1890 2805 2359 2870 sordidissimis

322 2894 635 2979 gregibus
677 2893 1382 2978 intemperantissimas
1419 2894 1910 2978 perpotationes
1947 2894 2361 2978 praedicem?
2390 2920 2444 2961 ao

325 2981 485 3058 Quis
541 2986 610 3046 te
664 2981 799 3046 illis
856 2980 1084 3047 diebus
1142 2981 1464 3066 sobrium,
1530 2983 1676 3065 quis
1733 2986 2040 3068 agentem
2095 2982 2362 3068 aliquid,

322 3071 497 3153 quod
562 3073 737 3134 esset
800 3068 1008 3135 libero
1071 3071 1370 3156 dignum,
1436 3071 1583 3154 quis
1639 3070 1915 3154 denique
1968 3071 2040 3134 in
2093 3071 2361 3155 publico

321 3157 532 3222 vidit?
580 3179 730 3222 cum
777 3157 1068 3243 collegae
1106 3159 1208 3223 tui
1244 3158 1477 3223 domus
1518 3163 1716 3224 cantu
1753 3163 1822 3222 ct
1859 3158 2184 3243 cymbalis.
2214 3182 2362 3244 per-

322 3250 616 3329 sonaret,
676 3267 955 3329 cumque
1008 3247 1149 3330 ipse
1203 3248 1418 3311 nudus
1470 3247 1542 3311 in
1587 3246 1886 3313 convivio
1933 3246 2238 3332 saltaret3
2291 3247 2365 3313 in

323 3354 453 3415 quo
502 3354 650 3397 cum
698 3355 889 3398 suum
932 3333 1124 3398 illum
1172 3335 1592 3400 saltatorium
1636 3338 1929 3400 versaret
1974 3335 2230 3419 orbem,
2277 3357 2362 3401 ne
2391 3361 2450 3403 85

322 3423 466 3483 tum
505 3421 768 3503 quidem
805 3421 1109 3486 fortunae
1146 3425 1365 3487 rotam
1401 3423 1926 3506 pertimescebat.
1979 3422 2111 3487 Hic
2139 3428 2364 3488 autem

320 3528 456 3570 non
500 3510 640 3571 tam
688 3510 1041 3573 concinnus
1078 3508 1301 3574 helluo
1339 3532 1459 3575 nec
1496 3514 1636 3575 tam
1673 3511 1961 3576 musicus
1995 3512 2259 3577 iacebat
2291 3512 2368 3578 in

221 2682 305 2747 10

1783 3744 1822 3759 -ῃ
