2550 3875
660 670 756 745 M.
815 638 1104 742 mm
1160 669 1659 742 CICERONIS

132 868 260 955 IN
331 870 438 955 M.
496 868 1041 953 ANTONIUM
1105 866 1487 951 ORATIO
1552 865 2171 951 PHILIPPICA

703 1015 1126 1120 QUARTA
1178 1014 1607 1101 DECIMA.

860 1346 1446 1407 ARGUMENTUM.

287 1496 451 1564 Quod
485 1496 562 1552 M.
601 1495 794 1551 Cicero
841 1513 969 1550 cum
1015 1513 1184 1566 saepe
1222 1498 1381 1565 ante,
1433 1498 1558 1551 tum
1595 1496 1852 1577 oratione
1887 1494 2174 1565 superiore

139 1567 272 1649 ipsa
317 1567 468 1623 effici
513 1567 796 1634 voluerat,
842 1567 908 1619 ut
946 1583 1071 1620 cum
1107 1568 1182 1623 M.
1219 1566 1469 1621 Antonio
1506 1566 1621 1620 iam
1658 1566 1828 1621 armis
1865 1582 1955 1620 res
1991 1568 2173 1620 trans-

140 1638 419 1707 igeretur,
467 1653 644 1706 nuper
693 1640 816 1691 erat
859 1636 1090 1692 factum.
1166 1638 1278 1692 Sed
1316 1655 1443 1692 cum
1478 1636 1578 1717 ille
1628 1639 1696 1691 A.
1734 1636 1981 1691 ffirtium
2017 1638 2078 1691 et
2114 1635 2174 1691 C.

144 1708 446 1763 Caesarem
483 1708 924 1775 adulescentem,
963 1724 999 1763 a
1035 1707 1266 1775 quibus,
1316 1724 1455 1775 quas
1492 1706 1563 1761 iis
1602 1706 1929 1775 obtulisset,
1984 1706 2175 1761 condi-

144 1780 340 1834 ciones
377 1780 538 1833 erant
563 1778 913 1847 repudiatae,
952 1794 983 1832 e
1011 1778 1213 1832 castris
1243 1777 1359 1832 suis
1390 1777 1677 1832 elicuisset
1704 1794 1818 1832 non
1847 1776 1986 1831 satis
2013 1793 2175 1846 para-

144 1851 240 1903 tos
269 1864 477 1915 eosque
504 1848 616 1903 levi
643 1864 838 1917 pugna
865 1846 1172 1917 reiecisset,
1211 1849 1334 1903 eius
1364 1846 1535 1901 amici
1561 1846 1775 1902 Romae
1804 1848 2176 1917 vulgaverant

145 1920 214 1976 A.
251 1918 504 1973 Hirtium
549 1921 608 1974 et
647 1918 702 1975 Ο.
741 1917 1039 1974 Gaesarem
1084 1920 1237 1974 iusta
1279 1935 1474 1988 pugna
1519 1934 1642 1973 esse
1685 1918 1893 1986 victos,
1940 1919 2061 1972 tum
2100 1917 2175 1973 M.

149 1991 474 2046 Ciceronem
526 1989 697 2044 minis
753 1989 1036 2044 atrocibus
1085 1990 1370 2060 persecuti
1414 1991 1589 2044 erant.
1670 1989 1897 2044 Interea
1936 1989 2177 2044 Romam

145 2060 380 2116 nuntius
429 2061 498 2115 de
544 2059 762 2130 proelio
811 2060 885 2114 ad
929 2061 1210 2114 Mutinam
1254 2062 1403 2114 inter
1448 2062 1523 2114 M.
1568 2059 1875 2114 Antonium
1924 2061 1984 2114 et
2027 2060 2178 2114 inter

147 2132 214 2185 A.
264 2130 515 2185 Hirtium
562 2133 618 2186 C.
657 2130 901 2184 Pansam
945 2147 1088 2187 coss.
1126 2129 1184 2186 C.
1223 2131 1521 2185 Caesarem
1565 2146 1669 2199 pro
1716 2131 1978 2198 praetore
2025 2146 2075 2184 a.
2121 2130 2176 2183 d.

148 2201 309 2256 XVII
344 2201 472 2256 Kal.
509 2200 691 2255 Maias
738 2199 1061 2270 commisso,
1109 2203 1170 2255 in
1215 2218 1326 2269 quo
1363 2200 1437 2254 M.
1476 2199 1758 2255 Antonius
1806 2202 1929 2254 erat
1970 2199 2175 2268 victuS,

150 2274 275 2326 erat
327 2272 573 2326 adlatus.
633 2271 707 2326 M.
763 2272 940 2340 igitur
991 2271 1266 2327 Cornutus
1320 2272 1551 2341 praetor
1603 2271 1851 2325 urbanus
1909 2287 1958 2327 a.
2011 2271 2065 2325 d.
2125 2271 2179 2325 X

148 2341 436 2422 Kalendas
471 2341 652 2422 Maias
689 2341 913 2396 litteras
947 2341 1012 2396 A.
1043 2341 1194 2396 Hirti
1232 2359 1262 2396 e
1302 2343 1360 2397 C.
1388 2341 1605 2396 Pansae
1634 2340 1835 2396 castris
1864 2341 1934 2395 de
1960 2341 2179 2411 proelio

149 2414 302 2467 facto
355 2411 558 2467 missas
612 2412 675 2465 in
728 2414 929 2466 senatu
982 2412 1249 2467 recitavit
1294 2415 1354 2467 et
1397 2413 1469 2466 de
1514 2412 1821 2467 honoribus
1868 2413 2075 2466 ducum
2120 2414 2182 2466 et

149 2482 1025 2609 Effiffimmssffiffigssffl'sst
1069 2483 1587 2634 ἓξέἑθᾷῗὲἒὲὲ
1622 2483 1947 2607 ἕὲζὲἓέἓὲῐ.
1966 2483 2180 2617 ὀθὲἓέἓ

153 2626 348 2680 contra
381 2624 458 2678 M.
499 2623 692 2678 Cicero
728 2623 864 2692 hac,
903 2640 1046 2692 quae
1083 2625 1232 2677 infra
1269 2623 1483 2692 scripta
1518 2625 1621 2691 est,
1662 2623 1917 2678 oratione
1952 2621 2027 2676 M.
2066 2621 2180 2674 An-

151 2697 368 2750 tonium
404 2696 463 2749 et
497 2693 760 2762 reliqum,
799 2694 896 2774 qui
931 2710 1059 2747 cum
1095 2710 1162 2748 eo
1200 2695 1405 2761 essent,
1442 2695 1635 2748 hostes
1672 2693 1891 2762 patriae
1928 2691 2178 2745 iudican-

154 2765 254 2821 dos
290 2763 584 2820 contendit
621 2768 680 2818 et
716 2762 1064 2834 amplissima
1101 2779 1357 2832 quaeque
1392 2764 1454 2818 in
1490 2765 1660 2817 duces
1698 2765 1758 2818 et
1792 2762 2031 2829 milites,
2083 2760 2183 2830 qui

153 2852 270 2890 rem
303 2834 593 2906 publicam
629 2834 1036 2903 defendissent,
1074 2834 1348 2889 decernit.

289 3153 379 3238 Si,
421 3159 500 3220 ut
544 3177 623 3220 ex
667 3156 928 3240 litteris,
977 3177 1140 3239 quae
1187 3155 1502 3220 recitatae
1549 3157 1721 3238 sunt,
1764 3157 1987 3238 patres
2035 3173 2183 3216 eon-

158 3243 412 3326 scripti,
467 3244 1118 3308 sceleratissimorum
1169 3244 1465 3308 hostium
1519 3241 1877 3306 exercitum
1923 3261 2185 3304 caesum

155 3332 499 3414 fusumque
564 3331 870 3416 cognovi,
933 3331 1029 3395 sic
1093 3331 1187 3415 id,
1253 3330 1427 3414 quod
1491 3333 1559 3394 et
1623 3349 1847 3393 omnes
1902 3328 2183 3393 maxime

160 3424 460 3505 optamus
507 3423 565 3482 et
599 3441 678 3482 ex
713 3441 791 3484 ea
825 3418 1120 3497 victoria,
1168 3440 1333 3502 quae
1369 3421 1562 3518 parta
1598 3421 1717 3500 est,
1764 3420 2185 3481 consecutum

108 3534 134 3576 ο
161 3507 580 3590 arbitramur,
644 3505 723 3570 D.
787 3505 1070 3569 Brutum
1133 3527 1470 3590 egressum
1531 3505 1665 3568 iam
1727 3504 1984 3569 Mutina
2043 3526 2183 3569 esse

2206 3124 2240 3180 1

2204 3207 2234 3255 1
