2550 3875
914 186 1068 242 cAP.
1110 128 1318 243 111-11
1360 195 1390 256 5
1427 194 1654 246 40-46.
2177 192 2310 256 453

272 351 460 436 prius
533 349 817 416 confecit
891 339 1274 436 exercitum,
1349 373 1544 436 quem
1615 350 1824 417 furori
1896 351 1985 416 M.
2058 351 2314 418 Antoni

274 442 661 524 opponeret,
718 460 917 522 quam
972 439 1321 523 quisquam
1372 440 1497 505 hoc
1554 461 1704 504 eum
1758 439 2048 525 cogitare
2107 442 2312 525 suspi-

276 531 554 594 caretur.
626 525 856 613 Magni
891 527 1173 592 honores
1210 527 1425 592 habiti
1455 527 1569 594 Gn.
1597 526 1932 612 Pompeio,
1961 551 2110 594 cum
2138 533 2314 594 esset

275 617 676 700 adulescens,
720 620 789 680 ct
836 615 1098 700 quidem
1143 616 1300 680 iure.
1396 614 1714 681 Subvenit
1759 616 1934 680 enim
1970 617 2065 681 rei
2101 617 2312 701 publi-

217 723 245 764 a
276 726 417 789 cae,
483 703 599 769 sed
663 707 878 768 aetate
940 703 1149 768 multo
1209 705 1545 769 robustior
1608 708 1676 774 et
1739 704 2028 769 militum
2083 705 2314 772 ducem

275 791 729 878 quaerentium
785 792 1003 857 studio
1067 792 1364 876 paratior
1418 797 1486 857 et
1540 792 1610 858 in
1664 793 1794 857 alio
1842 813 2081 880 genere
2135 793 2312 858 belli.

273 879 429 946 Non
502 881 677 944 enim
751 880 1054 946 omnibus
1131 879 1351 946 Sullae
1425 902 1624 946 causa
1664 884 1895 982 grata.
2003 879 2314 946 Declarat

273 968 632 1034 multitudo
686 969 1233 1054 proscriptorum,
1289 973 1394 1034 tot
1441 969 1943 1070 municipiorum
1989 970 2311 1035 maximae

276 1057 707 1123 calamitates.
790 1056 1031 1123 Caesar
1067 1060 1289 1122 autem
1327 1057 1515 1122 annis
1553 1057 1782 1122 multis
1819 1057 2036 1141 'minor
2063 1061 2310 1123 vetera·
2331 1061 2402 1112 ⁴4

189 1165 247 1205 10
274 1167 398 1210 nos
446 1144 767 1228 cupientis
803 1145 936 1208 iam
984 1146 1388 1230 requiescere
1427 1145 1735 1230 armavit3
1781 1167 1924 1210 eam
1961 1146 2314 1229 conplexus

276 1237 380 1298 est
434 1254 725 1317 causam,
791 1255 955 1317 quae
1011 1238 1185 1299 esset
1241 1234 1525 1316 senatui,
1591 1254 1754 1317 quae
1808 1233 2054 1318 populo
2064 1283 2082 1316 ,
2148 1254 2314 1317 (11133

276 1325 550 1387 cunctae
613 1319 847 1386 Italiae
857 1373 876 1406 ,
941 1342 1105 1405 quae
1171 1323 1271 1387 dis
1334 1322 1838 1422 hominibusque
1895 1321 2314 1407 gratissuma.

274 1410 369 1474 Et
459 1409 812 1493 Pompeius
904 1411 986 1474 ad
1067 1408 1141 1474 L.
1225 1409 1444 1475 Sullae
1527 1410 1884 1474 maximum
1965 1410 2316 1492 imperium

278 1499 723 1582 victoremque
761 1497 1117 1563 exercitum
1156 1498 1459 1583 accessit3
1497 1497 1736 1563 Caesar
1773 1519 1842 1563 se
1881 1497 1962 1562 ad
1987 1497 2316 1563 neminem

193 1606 247 1647 15
278 1586 606 1670 adiunxit3
658 1586 801 1670 ipse
846 1586 1149 1671 princeps
1197 1587 1520 1651 exercitus
1565 1585 1846 1651 faciendi
1892 1589 1960 1650 et
2003 1585 2314 1671 praesidii

279 1674 677 1758 conparandi
730 1673 877 1738 fuit.
978 1671 1101 1738 Ille
1158 1674 1679 1739 adversariorum
1732 1673 2034 1758 partibus
2081 1695 2318 1760 agrum

277 1763 593 1829 Picenum
636 1762 873 1827 habuit
917 1762 1277 1846 inimicum,
1319 1763 1429 1828 hic
1476 1784 1556 1827 ex
1601 1761 1853 1827 Antoni
1899 1762 2155 1846 amicis,
2202 1761 2318 1827 sed

278 1851 702 1918 amicioribus
748 1850 1077 1915 libertatis
1125 1855 1357 1916 contra
1403 1849 1768 1915 Antonium
1815 1850 2097 1915 confecit
2143 1872 2318 1915 exer·

280 1941 507 2007 citum.
602 1939 790 2005 Illius
848 1940 1081 2023 opibus
1140 1939 1325 2005 Sulla
1379 1940 1706 2024 regnavit,
1749 1939 1945 2005 huius
1989 1939 2315 2023 praesidio

194 2049 252 2089 πο
279 2028 534 2095 Antoni
576 2028 951 2093 dominatus
999 2050 1350 2112 oppressus
1389 2032 1507 2093 est.
1587 2026 1836 2091 Demus
1873 2027 2080 2112 igitur
2116 2026 2315 2111 impe-
2335 2040 2403 2090 45

278 2118 453 2182 rium
482 2114 765 2200 Caesari,
804 2117 943 2181 sine
973 2138 1101 2200 quo
1132 2138 1236 2181 res
1265 2116 1574 2182 militaris
1605 2114 2070 2199 administrari,
2107 2116 2318 2181 teneri

280 2206 624 2289 exercitus,
670 2205 920 2270 bellum
964 2206 1107 2289 geri
1149 2227 1287 2272 non
1321 2208 1571 2289 potest3
1617 2204 1706 2270 sit
1741 2226 1861 2288 pro
1898 2207 2202 2287 praetore
2239 2225 2317 2270 eo

278 2294 447 2378 iure,
519 2314 647 2377 quo
723 2294 835 2377 qui
900 2294 1175 2377 optimo.
1289 2292 1417 2371 Qui
1479 2293 1692 2357 honos
1757 2312 2154 2377 quamquam
2217 2295 2320 2359 est

281 2402 561 2467 magnus
632 2380 732 2447 illi
807 2383 1037 2465 aetati,
1119 2386 1343 2447 tamen
1415 2382 1495 2446 ad
1566 2381 2028 2446 necessitatem
2099 2403 2319 2447 rerum

192 2490 253 2531 25
283 2470 741 2556 gerendarum,
793 2491 927 2535 non
974 2471 1188 2534 solum
1234 2471 1317 2534 ad
1363 2470 1754 2555 dignitatem
1798 2470 1994 2535 valet.
2081 2468 2318 2554 Itaque

280 2558 397 2623 illa
453 2579 868 2642 quaeramus,
925 2579 1088 2641 quae
1142 2558 1252 2622 vix
1307 2558 1622 2623 hodierno
1679 2558 1782 2623 die
1829 2579 2316 2642 consequemur.

285 2645 413 2712 Sed
494 2668 686 2730 saepe
770 2667 961 2729 spero
1044 2645 1185 2711 fore
1265 2646 1461 2711 huius
1535 2646 1973 2711 adulescentis
2046 2646 2317 2710 ornandi
2345 2638 2421 2703 17

281 2734 775 2819 honorandique
822 2738 890 2798 et
932 2734 1126 2798 nobis
1165 2738 1233 2798 et
1267 2734 1513 2818 populo
1551 2733 1850 2799 Romano
1888 2737 2318 2817 potestatem3

282 2823 409 2889 hoc
473 2827 697 2887 autem
759 2826 1055 2905 tempore
1109 2822 1207 2885 ita
1263 2844 1492 2887 censeo
1550 2822 2057 2887 decernundum.
2119 2820 2317 2904 quod
2337 2832 2406 2881 46

198 2932 255 2973 ιο
284 2909 353 2977 Ο.
428 2909 668 2977 Caesar
758 2908 829 2976 O.
900 2909 945 2974 f.
954 2961 973 2994 ,
1052 2910 1377 2994 pontifex,
1455 2932 1576 2994 pro
1648 2914 1978 2993 praetore,
2061 2929 2317 2975 summo

283 3000 381 3065 rei
435 2999 739 3083 publicae
785 3002 1079 3082 tempore
1127 2998 1374 3063 milites
1422 3002 1766 3063 veteranos
1814 2997 1895 3060 ad
1939 2996 2319 3061 libertatem

282 3087 514 3171 populi
576 3085 859 3151 Romani
925 3086 1308 3151 cohortatus
1375 3086 1464 3152 sit
1530 3106 1768 3170 eosque
1838 3085 2318 3170 conscripserit,

285 3176 590 3259 quodque
642 3174 828 3274 ,13310
892 3173 1138 3239 Martia
1200 3179 1564 3260 quartaque
1630 3194 1886 3239 summo
1943 3174 2162 3239 studio
2210 3195 2320 3258 op-

285 3262 581 3346 timoque
635 3261 707 3326 in
759 3284 901 3327 rem
952 3262 1286 3346 publicam
1341 3284 1662 3328 consensu
1708 3261 1776 3328 O.
1825 3259 2100 3327 Caesare
2157 3264 2319 3328 duce

202 3370 255 3411 aa
286 3356 353 3414 et
408 3354 675 3415 auctore
731 3372 869 3415 rem
921 3350 1282 3436 publicam,
1334 3351 1713 3415 libertatem
1764 3350 1992 3434 populi
2037 3349 2318 3416 Romani

285 3436 651 3523 defendant,
688 3437 1109 3523 defenderint,
1156 3444 1223 3504 et
1261 3440 1435 3523 quod
1473 3437 1544 3505 O.
1582 3437 1824 3503 Caesar
1857 3459 1979 3522 pro
2016 3444 2318 3522 praetore

286 3524 539 3591 Galliae
585 3526 956 3610 provinciae
996 3548 1144 3591 cum
1183 3528 1471 3592 exercitu
1510 3527 1801 3593 subsidio
1837 3526 2174 3611 profectus
2213 3528 2322 3593 sit.
