2550 3875
786 144 940 199 cAP.
977 151 1188 200 23—26
1224 152 1256 213 ς
1296 151 1522 201 52—57.
2083 150 2171 213 25

134 306 420 370 ardebat
452 306 525 370 in
550 305 839 391 Palati03
875 309 1171 372 consules
1210 309 1661 391 epulabantur.
1722 308 1969 385 Quodsi
2007 311 2168 375 meis

133 393 574 459 incommodis
610 394 1045 480 laetabantur,
1080 396 1265 460 urbis
1303 400 1528 461 tamen
1561 397 1851 481 periculo
1891 420 2171 463 commo-

134 486 469 547 verentur.

274 567 407 635 Sed
460 574 540 633 ut
586 591 628 635 a
671 592 817 635 mea
863 592 1061 635 causa
1104 570 1238 635 iam
1283 573 1604 655 recedam,
1657 573 1943 657 reliquas
1987 574 2170 639 illius
2189 544 2278 611 25

82 675 109 715 5
138 657 295 722 anni
360 662 581 743 pestes
645 658 1076 724 recordamini
1143 656 1265 745 (sic
1332 661 1504 725 enim
1556 661 1868 727 facillime
1923 663 2170 745 perspi-
2190 636 2260 685 ⁵⁵

138 746 352 830 cietis,
391 749 704 829 quantam
739 746 874 811 vim
913 747 1205 811 omnium
1241 748 1675 813 remediorum
1704 771 1743 814 a
1769 750 2170 835 magistrati-

134 835 261 898 bus
309 834 649 918 proxumis
694 856 800 899 res
837 834 1103 919 publica
1140 834 1571 922 desiderarit),
1616 837 1838 922 legum
1874 838 2171 903 multitu-

137 922 363 986 dinem
418 944 567 987 cum
624 943 873 1005 earum,
929 943 1094 1006 quae
1146 923 1322 987 latae
1379 929 1559 1009 sunt,
1615 928 1758 989 tum
1803 947 1956 990 vero
2005 948 2170 1010 quae

134 1009 600 1095 promulgatae
662 1010 945 1075 fuerunt.
1027 1007 1203 1075 Nam
1265 1012 1440 1077 latae
1496 1013 1758 1095 quidem
1813 1018 1968 1078 sunt
2023 1036 2171 1079 con—

55 1116 109 1155 10
138 1098 396 1161 sulibus
426 1097 563 1163 illis
596 1132 675 1145 —
715 1098 1087 1163 tacentibus
1126 1099 1384 1163 dicam?
1421 1100 1622 1164 immo
1652 1122 1805 1164 vero
1834 1102 2036 1166 etiam
2065 1102 2171 1166 ad—

135 1185 605 1270 probantibus,
657 1190 735 1250 ut
790 1186 1085 1251 censoria
1136 1187 1322 1251 notio
1381 1192 1449 1252 et
1504 1188 1964 1273 gravissimum
2007 1190 2170 1254 iudi-

138 1275 317 1338 cium
364 1274 765 1338 sanctissimi
812 1274 1238 1360 magistratus
1286 1275 1365 1339 de
1402 1298 1472 1339 re
1509 1275 1774 1360 publica
1807 1278 2171 1360 tolleretur,

136 1366 213 1426 ut
261 1361 546 1446 collegia
587 1384 722 1427 non
766 1363 960 1427 modo
1007 1362 1126 1426 illa
1169 1366 1393 1427 vetera
1439 1368 1669 1428 contra
1715 1368 1978 1429 senatus
2025 1387 2170 1430 con-

136 1450 395 1515 sultum
457 1450 988 1534 restituerentur,
1051 1451 1166 1516 sed
1227 1452 1306 1515 ab
1368 1473 1498 1516 uno
1564 1452 1928 1537 gladiatore
1987 1452 2170 1518 innu-

54 1554 105 1596 15
135 1536 488 1602 merabilia
533 1537 661 1601 alia
704 1559 875 1602 nova
919 1538 1501 1623 conscriberentur,
1545 1545 1622 1604 ut
1666 1540 1957 1605 remissis
1995 1541 2172 1605 senis

134 1630 205 1689 et
252 1624 611 1689 trientibus
655 1625 887 1709 quinta
919 1647 1123 1710 prope
1159 1648 1312 1709 pars
1351 1627 1772 1712 vectigalium
1808 1628 2172 1711 tolleretur,

131 1718 213 1778 ut
273 1710 559 1777 Gabinio
612 1734 733 1798 pro
786 1713 905 1777 illa
960 1735 1079 1777 sua
1133 1712 1390 1799 Cilicia,
1455 1736 1652 1799 quam
1707 1715 1861 1800 sibi,
1921 1716 1979 1780 si
2031 1737 2171 1781 rem

129 1801 477 1887 publicam
529 1800 951 1885 prodidisset,
1014 1806 1247 1885 pactus
1305 1807 1474 1886 erat,
1540 1801 1731 1887 Syria
1785 1804 2049 1868 daretur
2103 1808 2172 1867 et

128 1890 257 1956 uni
314 1888 609 1954 helluoni
662 1888 767 1953 bis
824 1889 901 1954 de
957 1890 1179 1955 eadem
1235 1912 1305 1955 re
1361 1890 1759 1959 deliberandi
1814 1895 1882 1957 et
1937 1896 2172 1978 rogata

50 1997 106 2036 20
133 1981 269 2062 leye
298 1982 570 2059 potestas
593 1997 711 2058 per
743 1997 970 2042 novam
1006 1978 1220 2063 legem
1254 1979 1444 2044 fieret
1478 1979 1849 2063 provinciae
1889 2002 2172 2046 eommu-

128 2066 399 2132 tandae.

275 2153 479 2218 Mitto
543 2174 687 2218 eam
749 2154 991 2239 legem,
1056 2176 1219 2238 quae
1286 2156 1505 2221 omnia
1560 2157 1705 2220 iura
1757 2156 2170 2241 religionum,
2188 2130 2277 2194 26

127 2241 612 2325 auspiciorum,
666 2245 1100 2326 potestatum,
1157 2242 1368 2308 omnis
1414 2244 1593 2328 leges
1603 2294 1622 2327 ,
1681 2265 1844 2328 quae
1891 2248 2045 2307 sunt
2091 2245 2170 2308 de
2189 2219 2261 2270 ⁵⁶

125 2333 285 2396 iure
334 2333 403 2393 et
449 2329 527 2393 de
571 2333 865 2414 tempore
900 2330 1123 2414 legum
1160 2331 1616 2414 rogandarum,
1660 2353 1792 2396 una
1827 2332 2170 2416 rogatione

48 2436 99 2477 85
126 2417 413 2501 delevit,
469 2417 663 2481 mitto
721 2439 980 2482 omnem
1036 2418 1464 2483 domesticam
1516 2419 1759 2503 labem3
1817 2420 2017 2484 etiam
2068 2441 2171 2483 ex-

126 2513 321 2572 teras
384 2504 682 2571 nationes
746 2505 925 2570 illius
992 2506 1145 2569 armi
1199 2504 1420 2570 furore
1476 2511 1944 2590 conquassatas
1999 2508 2171 2573 vide-

123 2598 397 2660 bamus,
477 2591 653 2679 Lege
710 2593 1061 2658 tribunicia
1105 2591 1342 2658 Matris
1391 2592 1670 2679 Magnae
1715 2594 2172 2660 Pessinuntius

124 2683 257 2748 ille
314 2682 615 2747 sacerdos
672 2682 978 2766 expulsus
1035 2686 1103 2745 et
1154 2682 1474 2766 spoliatus
1522 2683 1884 2750 sacerdotio
1931 2688 2032 2748 est
2079 2682 2172 2748 fa·

123 2791 433 2853 numque
506 2770 1066 2834 sanctissimarum
1140 2775 1337 2853 atque
1411 2771 2013 2854 antiquissimarum
2074 2793 2171 2835 re—

42 2877 99 2918 so
125 2857 469 2944 ligionum
513 2857 849 2921 venditum
892 2857 1168 2942 pecunia
1213 2857 1445 2942 grandi
1491 2857 1862 2944 BrogitarO,
1910 2859 2172 2944 impuro

121 2944 399 3013 homini
452 2948 649 3028 atque
703 2944 973 3030 indigno
1028 2944 1145 3008 illa
1189 2945 1532 3030 religione,
1586 2946 1974 3031 praesertim
2021 2968 2171 3010 cum

126 3055 288 3101 eam
344 3032 473 3098 sibi
527 3032 643 3096 ille
696 3053 830 3096 non
883 3032 1162 3116 colendi,
1224 3034 1339 3097 sed
1390 3033 1685 3100 violandi
1732 3055 1926 3100 causa
1982 3033 2171 3117 adpe-

125 3123 369 3204 tisset;
424 3119 738 3204 appellati
782 3140 969 3204 reges
1016 3141 1057 3183 a
1098 3121 1372 3205 populo,
1418 3122 1532 3205 qui
1575 3122 1644 3186 id
1686 3143 2042 3205 numquam
2085 3142 2170 3184 ne

126 3235 170 3276 a
232 3211 473 3274 senatu
528 3207 788 3291 quidem
832 3209 1307 3293 postulassent,
1361 3210 1614 3274 reducti
1659 3210 1874 3274 exules
1921 3209 2170 3292 Byzan·

44 3317 97 3357 35
125 3300 313 3364 tium
361 3295 774 3361 condemnati
819 3299 979 3381 tum,
1027 3317 1177 3360 cum
1221 3295 1581 3360 indemnati
1619 3297 1788 3361 cives
1829 3317 1862 3360 e
1901 3296 2167 3361 civitate

128 3385 566 3453 eiciebantur.
657 3382 800 3448 Rex
861 3382 1313 3467 Ptolomaeus,
1377 3385 1490 3468 qui
1554 3406 1611 3448 s1
1673 3384 1960 3449 nondum
2026 3388 2168 3448 erat
2186 3403 2256 3453 57

124 3476 282 3560 ipse
350 3493 391 3536 a
452 3474 687 3536 senatu
750 3470 965 3536 socius
1030 3471 1398 3557 appellatus
1408 3523 1427 3555 ,
1491 3476 1632 3536 erat
1692 3475 1910 3536 tamen
1963 3471 2169 3537 frater
