2550 3875
865 203 1018 256 oAP.
1061 209 1196 255 7-9
1235 208 1264 266 s
1306 207 1531 258 15-21,
1840 205 1845 210 “
2087 202 2215 266 367

183 368 445 446 saepius
495 362 820 447 flagitata,
878 384 1073 446 quam
1117 385 1198 427 ne
1246 363 1609 447 praetoriae
1654 363 2025 448 provinciae
2070 365 2218 448 plus

185 473 383 536 quam
449 473 690 515 annum
751 472 911 514 neve
974 452 1122 535 plus
1189 473 1385 535 quam
1448 451 1782 516 biennium
1847 453 2218 517 consulares

186 539 677 623 optinerentur?
750 537 894 604 Hae
930 539 1073 624 lege
1114 540 1375 605 sublata
1404 540 1783 606 videnturne
1811 540 1997 605 vobis
2026 563 2217 624 posse

185 627 483 693 Caesaris
531 631 678 692 3613
723 627 1011 692 servari?
1105 627 1319 704 Quid?
1375 628 1546 713 lege,
1593 651 1756 713 quae
1802 630 2220 714 promulgata

124 739 156 778 5
187 719 287 780 est
341 716 418 780 de
473 715 671 780 tertia
724 715 1010 798 decuria,
1065 738 1279 780 nonne
1338 738 1560 781 omnes
1615 716 1987 781 iudiciariae
2039 718 2219 802 leges

186 802 484 870 Caesaris
523 803 1008 868 dissolvuntur?
1083 805 1174 868 Et
1208 827 1327 868 vos
1357 808 1502 868 aeta
1530 803 1826 870 Caesaris
1856 805 2219 890 defenditis,

188 893 301 976 qui
345 891 526 978 leges
563 893 700 956 eius
740 892 1075 956 evertitis?
1158 891 1308 957 Nisi
1344 892 1533 976 forte,
1581 893 1639 957 si
1677 893 1831 976 quid
1868 894 2217 959 memoriae

187 1002 381 1046 causa
424 980 684 1045 rettulit
727 980 798 1043 in
842 980 1156 1064 libellum,
1201 981 1268 1044 id
1314 981 1763 1046 numerabitur
1806 981 1877 1044 in
1922 982 2085 1046 actis
2134 985 2219 1065 et,

188 1068 484 1152 quamvis
539 1068 833 1152 iniquum
889 1072 955 1132 et
1003 1068 1234 1133 inutile
1294 1069 1405 1150 sit,
1462 1069 1864 1153 defendetur3
1921 1070 2091 1154 quod
2137 1070 2218 1133 ad

101 1179 160 1219 ιο
185 1157 500 1241 populum
548 1156 925 1221 centuriatis
971 1157 1253 1222 comitiis
1292 1158 1464 1240 tulit,
1508 1158 1575 1220 id
1611 1157 1681 1221 in
1717 1157 1881 1222 actis
1922 1155 2217 1222 Caesaris

185 1267 319 1309 non
353 1245 716 1309 habebitur.
792 1244 885 1309 At
922 1267 1085 1329 quae
1124 1249 1225 1309 est
1262 1246 1393 1310 ista
1430 1245 1629 1310 tertia
1660 1245 1963 1310 decuria?
2037 1243 2219 1310 ‘Cen-
2238 1255 2309 1305 20

187 1332 560 1415 turionum',
625 1332 854 1416 inquit.
957 1332 1171 1409 Quid?
1237 1334 1355 1398 isti
1420 1333 1631 1399 ordini
1696 1333 2018 1398 iudicatus
2074 1333 2218 1418 lege

186 1421 374 1504 Iulia,
405 1421 603 1485 6113111
623 1425 773 1485 31116
793 1421 1122 1505 Pompeia,
1155 1421 1421 1486 Aurelia
1438 1444 1571 1486 non
1588 1422 1899 1505 patebat?
1948 1420 2218 1487 Census

185 1509 734 1610 praefiniebatur',
779 1510 1010 1593 inquit.
1090 1507 1245 1574 Non
1288 1510 1653 1574 centurioni
1691 1510 1951 1594 quidem
1989 1510 2219 1592 solum,

105 1619 158 1661 1⁶
187 1599 300 1662 sed
347 1597 551 1682 equiti
597 1599 795 1662 etiam
830 1597 1152 1682 Roman03
1197 1598 1417 1681 itaque
1462 1598 1588 1662 viri
1632 1597 1976 1663 fortissimi
2022 1601 2218 1681 atque

185 1686 661 1770 honestissimi,
709 1687 820 1769 qui
869 1686 1124 1750 ordines
1172 1686 1511 1770 duxerunt,
1556 1707 1658 1750 res
1706 1690 1773 1750 et
1817 1686 2107 1751 iudicant
2152 1688 2219 1750 et

187 1775 654 1839 iudicaverunt.
732 1772 908 1838 ‘Non
945 1773 1226 1858 quaero’,
1263 1775 1495 1857 inquit,
1536 1773 1739 1838 ‘istos
1815 1773 2217 1858 Quicumque

191 1863 483 1928 ordinem
521 1863 720 1947 duxit,
758 1862 1013 1926 iudicet.
1018 1862 1037 1888 '
1113 1861 1204 1926 At
1237 1862 1294 1926 si
1321 1862 1597 1947 ferretis,
1636 1862 2023 1964 quicumque
2053 1884 2218 1946 equo

189 1952 554 2035 meruisset,
591 1952 761 2036 quod
791 1956 892 2015 est
916 1951 1180 2035 lautius,
1207 1951 1453 2015 nemini
1478 1952 1877 2036 probaretis3
1912 1950 1983 2016 in
2008 1951 2220 2016 iudice

109 2062 163 2102 ιο
191 2040 364 2105 6111111
439 2040 719 2124 spectari
788 2043 854 2103 et
916 2039 1181 2104 fortuna
1243 2040 1435 2103 debet
1498 2044 1566 2105 et
1629 2040 1933 2125 dignitas,
2045 2038 2220 2104 Non

189 2128 476 2213 quaero',
521 2128 761 2213 inquit,
810 2128 986 2212 ista3
1043 2128 1206 2193 addo
1255 2128 1457 2192 etiam
1502 2127 1746 2192 iudices
1792 2127 2219 2211 manipularis

191 2240 266 2282 ex
296 2216 553 2303 legione
582 2216 999 2281 Alaudarum.
1076 2216 1287 2280 Aliter
1316 2216 1488 2281 enim
1514 2216 1727 2281 nostri
1754 2219 2000 2317 negant
2025 2237 2219 2300 posse

190 2328 258 2371 se
307 2304 522 2370 salvos
570 2326 726 2369 esse.
732 2304 750 2331 '
844 2304 897 2369 Ο
949 2305 1490 2369 contumeliosum
1534 2304 1848 2369 honorem
1895 2303 2004 2387 iis,
2056 2325 2218 2387 quos

191 2394 272 2458 ad
326 2393 740 2458 iudicandum
794 2414 911 2457 1166
968 2392 1296 2476 opinantis
1350 2393 1627 2457 voeatis!
1719 2391 1845 2457 Hic
1900 2355 2073 2457 enim
2120 2396 2222 2458 est

111 2503 162 2543 25
188 2482 358 2567 legis
414 2482 631 2565 index,
683 2485 759 2544 ut
810 2481 860 2544 ii
915 2502 1017 2545 res
1073 2481 1143 2544 in
1195 2482 1392 2545 tertia
1438 2480 1697 2545 decuria
1743 2480 2052 2564 iudicent,
2108 2481 2219 2565 qui

189 2572 393 2635 libere
429 2569 711 2634 iudicare
747 2590 880 2633 non
917 2569 1210 2633 audeant.
1284 2568 1362 2632 In
1400 2590 1525 2652 quo
1567 2573 1847 2652 quantus
1886 2590 2067 2633 error
2100 2572 2217 2653 est,

192 2660 257 2722 di
295 2659 715 2739 immortaleS,
753 2678 994 2741 eorum,
1032 2656 1145 2740 qui
1180 2656 1380 2721 istam
1415 2658 1628 2741 legem
1657 2657 2215 2742 excogitaverunt!

191 2746 288 2813 Ut
332 2746 506 2811 enim
553 2746 824 2829 quisque
872 2744 1355 2810 sordidissimus
1402 2745 1743 2829 videbitur,
1789 2745 1885 2808 ita
1928 2745 2222 2808 libentis-

195 2836 356 2901 sime
388 2836 730 2899 severitate
759 2832 1085 2899 iudicandi
1114 2834 1335 2897 sordes
1365 2854 1515 2899 suas
1545 2834 1719 2898 eluet
1746 2832 2221 2915 laborabitque,

115 2943 167 2983 so
193 2928 268 2988 ut
319 2923 615 2988 honestis
671 2922 946 2987 decuriis
1001 2921 1220 3005 potius
1277 2920 1511 3006 dignus
1568 2921 1863 2986 videatur
1909 2941 2106 3003 quam
2151 2919 2222 2983 in

197 3017 454 3097 turpem
499 3012 637 3074 iure
685 3010 1031 3075 coniectus,

328 3100 557 3165 Altera
592 3100 1007 3184 promulgata
1043 3099 1148 3161 lex
1183 3101 1303 3181 est,
1339 3101 1415 3162 ut
1451 3101 1521 3162 et
1558 3098 1634 3161 de
1668 3096 1733 3160 vi
1762 3098 1826 3160 et
1854 3094 2219 3160 maiestatis
2240 3080 2281 3143 9

195 3188 486 3254 damnati
521 3187 602 3251 ad
637 3187 950 3271 populum
985 3147 1358 3270 provocent,
1396 3185 1453 3249 si
1489 3184 1707 3250 velint.
1780 3182 1962 3248 Η366
1998 3187 2219 3247 utrum
2242 3169 2310 3219 ²¹

195 3278 458 3343 tandem
511 3276 616 3340 lex
669 3279 770 3339 est
826 3296 909 3339 an
962 3274 1182 3376 legum
1237 3274 1527 3338 omnium
1577 3270 1967 3337 dissolutio?
2061 3271 2221 3348 Quis

120 3384 170 3424 ³5
197 3371 298 3431 est
359 3366 534 3431 enim
593 3363 814 3446 hodie,
879 3361 1059 3427 euius
1123 3362 1387 3426 intersit
1448 3362 1645 3425 istam
1697 3361 1910 3445 legem
1963 3359 2223 3423 valere?

195 3453 408 3520 Nemo
455 3472 602 3517 reus
650 3454 750 3515 est
794 3414 1050 3531 legibus
1095 3450 1246 3533 illis,
1290 3471 1499 3533 nemo,
1546 3471 1739 3533 quem
1783 3448 2075 3511 futurum
2110 3470 2223 3531 pu-

199 3548 430 3608 temus
521 3539 743 3603 Armis
798 3539 970 3601 enim
1024 3542 1210 3621 gesta
1262 3558 1617 3620 numquam
1670 3536 1961 3621 profecto
2017 3536 2088 3599 in
2131 3536 2223 3599 iu-
