2550 3875
344 216 475 279 506
614 215 694 268 IN
731 214 805 269 M.
843 213 1236 269 ANTONIUM
1274 213 1546 271 ORATIO
1583 213 1996 270 PHILIPPICA
2033 215 2129 268 XI.

343 375 630 462 patriam
685 376 1003 441 scelerata
1059 398 1240 440 arma
1296 380 1631 461 ceperunt,
1686 376 1931 441 inesset
1985 377 2391 441 immanitas.

345 463 522 529 Nam
577 465 703 528 duo
759 465 920 529 hacc
953 464 1190 548 ,capita
1239 468 1399 528 nata
1444 468 1599 529 sunt
1644 469 1799 548 post
1843 464 2142 530 homines
2189 469 2389 530 natos

345 551 727 617 taeterrima
809 556 876 617 et
948 552 1395 636 spurcissima,
1476 551 1823 618 Dolabella
1894 557 1961 617 et
2033 551 2393 638 Antonius,

347 662 627 725 quorum
672 640 838 705 alter
885 640 1126 724 effecit,
1174 641 1348 725 quod
1396 645 1672 725 optarat,
1720 641 1799 705 de
1846 642 2051 706 altero
2099 642 2391 725 patefac-

346 732 491 793 tum
538 732 657 811 est,
705 728 860 812 quid
907 729 1246 814 cogitaret.
1321 726 1394 792 L.
1433 728 1641 794 Cinna
1678 729 1975 813 crudelis,
2022 727 2093 795 O.
2132 728 2390 795 Marius
2450 746 2474 785 ⁵

346 816 418 881 in
470 816 808 882 iracundia
859 838 1309 901 perseverane,
1373 815 1446 881 L.
1504 816 1687 882 Sulla
1744 818 2119 902 vehemens3
2172 840 2390 902 neque

346 905 546 970 ullius
604 905 843 970 horum
895 905 966 970 in
1018 906 1389 974 ulciscendo
1446 906 1768 970 acerbitas
1814 926 2165 991 progressa
2211 907 2393 971 ultra

347 997 630 1058 mortem
675 997 797 1078 est,
843 1015 1007 1077 quae
1053 998 1275 1059 tamen
1316 1016 1526 1095 poena
1561 994 1632 1059 in
1668 993 1828 1059 civis
1865 994 2062 1058 nimis
2102 995 2388 1060 crudelis

295 1099 326 1147 2
349 1082 722 1165 putabatur.
808 1080 980 1147 Ecce
1026 1082 1152 1146 tibi
1198 1082 1531 1167 geminum
1576 1082 1647 1146 in
1692 1082 1933 1147 scelere
1979 1104 2117 1165 par,
2161 1082 2389 1147 invisi·

348 1174 589 1255 tatum,
634 1169 1021 1253 inauditum,
1065 1169 1298 1254 ferum,
1344 1171 1713 1235 barbarum.
1804 1170 2056 1253 Itaque,
2104 1192 2390 1253 quorum
2422 1188 2471 1225 1⁰

349 1280 676 1323 summum
732 1258 1059 1342 quondam
1113 1258 1286 1322 inter
1338 1258 1519 1342 ipsos
1567 1258 1788 1322 odium
1833 1257 2207 1343 bellumque
2256 1281 2391 1323 me-

348 1347 664 1429 ministis,
727 1346 989 1410 eosdem
1047 1350 1281 1429 postea
1336 1346 1655 1431 singulari
1708 1347 1880 1411 inter
1938 1368 2005 1411 sc
2064 1368 2390 1411 consensu

348 1438 415 1500 et
475 1456 695 1499 amore
751 1433 1039 1497 devinxit
1082 1434 1607 1518 improbissimae
1652 1439 1926 1498 naturae
1973 1438 2040 1499 et
2085 1435 2389 1518 turpissi-

349 1544 493 1587 mae
539 1523 713 1587 vitae
760 1522 1139 1586 similitudo.
1228 1522 1410 1607 Ergo
1457 1523 1551 1604 id,
1600 1522 1771 1607 quod
1816 1522 1976 1587 fecit
2020 1520 2388 1605 Dolabella,

346 1610 417 1675 in
477 1632 604 1693 quo
660 1610 907 1694 potuit,
962 1610 1188 1675 multis
1247 1611 1420 1675 idem
1479 1611 1768 1675 minatur
1814 1611 2161 1675 Antonius.
2258 1609 2388 1675 Sed
2416 1627 2467 1667 1⁵

348 1697 459 1762 ille
534 1720 681 1763 cum
752 1698 981 1782 procul
1055 1703 1229 1763 esset
1307 1721 1346 1763 a
1419 1700 1795 1763 consulibus
1860 1699 2386 1783 exercitibusque

345 1786 593 1852 nostris
646 1786 1011 1871 nequedum
1058 1791 1359 1851 senatum
1405 1809 1553 1852 cum
1598 1788 1840 1871 populo
1889 1785 2189 1851 Romano
2239 1808 2387 1854 con·

349 1875 631 1960 spirasse
678 1874 1010 1958 sensisset,
1054 1874 1264 1940 fretus
1305 1876 1553 1941 Antoni
1600 1875 1805 1961 copiis
1853 1896 1929 1940 ea
1965 1875 2213 1942 scelera
2252 1897 2386 1942 sus·

348 1965 539 2048 cepit,
587 1985 749 2048 quae
795 1962 1044 2028 Romae
1090 1964 1221 2028 iam
1267 1968 1573 2048 suscepta
1624 1964 2074 2028 arbitrabatur
2118 1987 2159 2029 a
2204 1965 2385 2030 socio

292 2062 328 2111 8
347 2052 590 2117 furoris
637 2053 756 2116 sui.
822 2050 992 2127 Quid
1039 2073 1194 2137 ergo
1242 2052 1415 2118 hunc
1463 2052 1640 2117 aliud
1676 2053 1913 2135 moliri,
1961 2052 2117 2137 quid
2156 2057 2387 2137 optare
2413 2069 2463 2108 2⁰

350 2141 631 2205 censetis
668 2144 783 2204 aut
821 2160 1018 2222 quam
1057 2140 1322 2204 omnino
1363 2162 1625 2205 causam
1663 2162 1803 2206 esse
1839 2140 2047 2205 belli?
2123 2139 2389 2224 OmneS,

352 2229 464 2310 qui
517 2228 721 2292 libere
778 2227 856 2291 de
910 2249 980 2291 re
1035 2228 1301 2311 publica
1346 2229 1697 2312 sensimus,
1753 2229 1865 2313 qui
1912 2229 2145 2314 dignas
2192 2231 2386 2294 nobis

351 2315 708 2380 sententias
763 2315 1072 2401 diximus,
1142 2317 1254 2400 qui
1310 2317 1625 2401 populum
1678 2316 2050 2382 Romanum
2104 2317 2388 2382 liberum

351 2425 491 2467 esse
546 2403 900 2486 voluimus,
957 2404 1196 2469 statuit
1239 2405 1352 2468 ille
1400 2405 1663 2488 quidem
1707 2427 1842 2470 non
1884 2405 2217 2489 inimicOS,
2275 2406 2388 2471 scd

348 2490 589 2576 hostis3
634 2492 885 2555 maiora
930 2496 1154 2556 tamen
1196 2493 1268 2556 in
1311 2515 1432 2557 nos
1479 2516 1676 2577 quam
1720 2493 1793 2557 in
1837 2494 2097 2566 hostem
2144 2494 2389 2578 suppli·
2414 2509 2461 2548 2⁵

350 2580 452 2645 cia
515 2579 897 2664 meditatur3
961 2584 1241 2645 mortem
1303 2587 1575 2645 naturae
1639 2603 1919 2665 poenam
1977 2585 2172 2665 putat
2226 2603 2387 2664 esse,

348 2667 719 2732 iracundiae
775 2671 1108 2732 tormenta
1162 2673 1358 2752 atque
1420 2670 1795 2734 cruciatum.
1896 2668 2123 2745 Qualis
2178 2670 2389 2755 igitur

348 2756 564 2821 hostis
608 2756 945 2821 habendus
992 2761 1094 2821 est
1139 2757 1216 2839 is,
1263 2779 1303 2821 a
1349 2779 1477 2842 quo
1521 2758 1770 2822 victore
1816 2758 1874 2822 si
1914 2759 2241 2822 cruciatus
2280 2757 2388 2822 ab·

286 2851 331 2916 2
351 2845 465 2926 sit,
528 2866 705 2909 mors
770 2844 841 2909 in
902 2844 1202 2909 beneficii
1264 2849 1450 2928 parte
1503 2846 1933 2910 numeretur?
2034 2846 2247 2922 Quam
2304 2845 2386 2910 ob

350 2954 505 3014 rem,
541 2935 762 3015 patres
802 2933 1171 3016 conscripti,
1209 2954 1605 3018 quamquam
1641 2934 1981 2999 hortatore
2013 2955 2148 2998 non
2176 2935 2386 3020 egetis
2414 2951 2463 2990 ⁸⁰

352 2983 508 3104 (ipsi
555 3019 728 3084 enim
775 3024 992 3085 vestra
1039 3024 1272 3103 sponte
1322 3021 1658 3086 exarsistis
1706 3022 1788 3086 ad
1832 3022 2162 3086 libertatis
2210 3044 2388 3086 recu·

351 3107 670 3190 parandae
710 3107 1183 3192 cupiditatem),
1229 3113 1452 3174 tamen
1490 3132 1566 3174 eo
1604 3111 1849 3174 maiore
1888 3110 2106 3174 animo
2146 3109 2389 3174 studio-

352 3217 474 3279 que
520 3195 898 3260 libertatem
945 3196 1289 3280 defendite,
1336 3219 1465 3281 quo
1512 3199 1764 3263 maiora
1808 3198 2149 3282 propossta
2193 3198 2389 3262 victis

296 3294 330 3340 4
352 3283 674 3367 supplicia
719 3285 1054 3349 servitutis
1100 3284 1354 3350 videtis.
1446 3284 1525 3350 In
1571 3283 1856 3351 Galliam
1902 3285 2148 3351 invasit
2184 3284 2389 3350 Anto-

349 3371 516 3452 nius,
561 3370 633 3434 in
678 3370 910 3436 Asiam
954 3370 1321 3456 Dolabella,
1367 3373 1437 3436 ln
1483 3373 1764 3438 alienam
1809 3378 2083 3458 uterque
2129 3375 2388 3458 provin-
2418 3392 2466 3430 3⁵

352 3456 536 3519 ciam.
633 3457 844 3521 Alteri
901 3481 971 3523 se
1016 3458 1263 3523 Brutus
1324 3459 1564 3525 obiecit
1608 3462 2056 3546 impetumque
2106 3460 2386 3526 fluentis

353 3547 546 3624 atque
595 3546 814 3607 omnia
861 3544 1159 3610 divexare
1209 3568 1284 3610 ac
1332 3547 1611 3630 diripere
1658 3550 1983 3633 cupientis
2022 3550 2195 3614 vitae
2234 3572 2387 3615 suae
