2550 3875
770 193 926 252 GAP.
966 202 1177 253 ιιι-33
1216 202 1247 264 ς
1285 203 1514 253 67—71.
2067 201 2151 264 31

126 357 275 434 Quo
320 356 652 441 patefacto
698 357 1003 443 ferroque
1048 360 1450 461 deprehenso
1495 359 1607 425 ille
1647 360 1939 427 inclusus
1975 362 2154 427 domi

124 445 380 509 tamdiu
447 444 603 530 fuit,
678 448 990 531 quamdiu
1052 448 1358 513 immicus
1423 470 1606 513 meus
1670 451 1741 515 in
1795 450 2155 515 tribunatu.

123 531 226 597 De
274 554 422 597 meo
460 534 676 599 reditu
714 538 864 600 octo
902 536 1155 601 tribuni
1189 526 1790 622 promulgaverunt.
1880 536 1984 603 Ex
2021 558 2152 638 quo

123 621 536 685 intellectum
588 626 691 687 est
734 644 869 687 non
912 624 1077 687 mihi
1124 625 1383 689 absenti
1429 626 1708 691 crevisse
1757 625 2028 710 amicos,
2083 626 2155 690 ιιι

70 728 97 769 ⁶
125 730 204 773 ea
248 710 637 793 praesertim
680 710 977 795 fortuna,
1030 710 1102 775 ιιι
1147 732 1277 795 qua
1318 733 1455 777 non
1497 713 1665 777 nulli
1711 714 1936 797 etiam,
1987 734 2152 797 quos

124 818 269 861 esse
304 801 707 882 putaveram,
742 820 877 863 non
912 802 1117 882 erant,
1156 800 1268 863 sed
1305 820 1416 864 eos
1453 802 1860 865 voluntatem
1897 820 2155 885 semper

124 885 415 969 eandem,
442 886 820 951 libertatem
844 908 981 951 non
1007 887 1276 951 eandem
1306 907 1562 971 semper
1587 887 1912 954 habuisse.
1977 888 2152 953 Nam

124 994 205 1037 ex
248 994 485 1038 novem
532 974 833 1056 tribunis,
881 995 1045 1058 quos
1083 979 1240 1041 tunc
1274 974 1652 1061 habueram,
1697 998 1864 1041 unus
1903 996 2005 1041 me
2045 977 2152 1041 ab·

122 1064 308 1125 sente
367 1061 661 1146 defluxit,
716 1061 830 1145 qui
886 1081 1248 1147 cognomen
1305 1064 1432 1129 sibi
1489 1086 1569 1128 ex
1612 1063 1950 1129 Aeliorum
1995 1065 2152 1129 ima-

44 1168 97 1208 ιο
124 1148 395 1234 ginibus
451 1150 755 1234 arripuit,
811 1171 941 1234 quo
988 1150 1201 1235 magis
1244 1151 1536 1216 nationis
1583 1152 1721 1216 eius
1768 1172 1908 1216 esse
1955 1164 2153 1235 quam

122 1236 386 1322 generis
460 1238 805 1302 videretur.
914 1237 1062 1303 Hoc
1133 1237 1342 1323 igitur
1414 1260 1582 1303 anno
1647 1239 2148 1324 magistratibus
2171 1261 2242 1309 ’το

119 1324 313 1389 novis
360 1325 722 1410 designatis
772 1345 919 1391 cum
967 1347 1190 1391 omnes
1236 1325 1395 1392 boni
1442 1348 1701 1391 omnem
1749 1348 1931 1411 spem
1971 1328 2152 1392 meli-

122 1413 259 1477 oris
326 1416 543 1477 status
606 1414 678 1478 ιιι
742 1433 967 1479 eorum
1030 1414 1227 1479 fidem
1283 1414 1785 1499 convertissem,
1849 1415 2150 1498 princeps

119 1500 193 1564 P.
250 1499 575 1565 Lentulus
639 1502 1033 1567 auctoritate
1099 1524 1175 1567 ac
1239 1502 1568 1567 sententia
1623 1522 1742 1567 sua
1793 1502 2030 1567 Pisone
2085 1506 2154 1567 et

38 1608 89 1649 ιε»
122 1587 413 1653 Gabinio
477 1590 996 1675 repugnantibus
1062 1610 1327 1655 causam
1393 1590 1682 1674 miscepit
1740 1591 2152 1674 tribunisque

116 1678 209 1761 pl.
265 1681 417 1741 octo
464 1678 895 1742 referentibus
940 1679 1580 1762 praestantissimam
1624 1678 1703 1743 de
1749 1698 1853 1742 me
1899 1683 2153 1743 senten-

117 1766 289 1829 tiam
338 1765 523 1829 dixit.
614 1764 741 1841 Qui
788 1788 936 1830 cum
983 1766 1065 1830 ad
1111 1766 1392 1851 gloriam
1438 1788 1624 1830 suam
1667 1770 1864 1849 atque
1903 1766 1984 1829 ad
2020 1784 2152 1830 am-

114 1852 410 1939 plissimi
454 1853 752 1919 beneficii
789 1854 1073 1940 gratiam
1111 1855 1324 1941 magis
1361 1854 1686 1939 pertinere
1723 1854 1972 1919 videret
2009 1876 2152 1918 cau·

117 1965 267 2007 sam
332 1942 518 2006 illam
580 1943 907 2028 integram
961 1943 1044 2006 ad
1098 1965 1290 2008 suum
1345 1943 1760 2008 consulatum
1816 1943 2151 2026 reservari,

32 2052 87 2091 20
116 2035 354 2096 tamen
396 2051 537 2094 rem
579 2031 780 2094 talem
815 2052 934 2114 per
970 2031 1135 2096 alios
1173 2031 1368 2096 citius
1406 2051 1604 2114 quam
1639 2052 1758 2114 per
1793 2053 1861 2095 se
1899 2031 2150 2094 tardius

114 2117 364 2184 confici
410 2118 715 2182 malebat.

254 2204 405 2270 Hoc
454 2207 721 2271 interim
766 2210 1063 2291 tempore
1106 2206 1179 2272 P.
1228 2206 1504 2290 Sestius,
1549 2205 1814 2290 iudices,
1859 2206 2150 2291 designa-
2169 2189 2256 2253 33

110 2300 229 2360 tus
296 2294 429 2358 iter
492 2294 574 2358 ad
638 2292 707 2360 G.
764 2293 1110 2360 Caesarem
1172 2317 1293 2379 pro
1359 2315 1505 2359 mea
1569 2295 1778 2358 salute
1844 2295 2148 2378 suscepit.
2172 2280 2238 2329 ⁷²

112 2382 298 2460 Quid
373 2381 607 2466 egerit,
681 2387 998 2466 quantum
1061 2383 1441 2467 profecerit,
1511 2382 1678 2446 nihil
1743 2381 1824 2445 ad
1889 2403 2151 2446 causam

28 2493 80 2533 25
111 2469 456 2556 (equidem
502 2470 833 2554 existimO,
886 2470 946 2535 si
990 2470 1130 2554 ille,
1182 2475 1261 2535 ut
1307 2471 1619 2554 arbitror,
1669 2488 1913 2553 aequus
1957 2470 2150 2534 nobis

106 2559 353 2642 fuerit,
400 2558 567 2622 m‘hil
614 2559 697 2623 ab
741 2558 867 2623 hoc
911 2558 1309 2643 profectum3
1364 2559 1468 2623 sin
1509 2557 1770 2641 iratior,
1811 2579 1946 2622 non
1989 2559 2152 2621 mul-

108 2643 331 2732 tum)3
386 2646 499 2710 sed
554 2650 777 2711 tamen
836 2647 1252 2711 sedulitatem
1299 2650 1495 2730 atque
1540 2646 1994 2732 integritatem
2037 2646 2151 2709 ho-

108 2734 323 2800 minis
388 2733 641 2798 videtis.
748 2733 1090 2820 Ingredior
1150 2735 1286 2799 iam
1351 2735 1421 2798 ιιι
1477 2733 1651 2798 Sesti
1715 2734 2151 2817 tribunatum3

106 2844 277 2888 nam
332 2821 462 2886 hoc
498 2822 800 2906 primum
852 2823 980 2886 iter
1035 2824 1416 2908 designatus
1467 2823 1563 2886 rei
1607 2823 1906 2924 publicae
1955 2843 2151 2886 causa

23 2935 79 2974 so
108 2909 448 2993 suscepit3
500 2910 827 2993 pertinere
883 2915 951 2974 et
1006 2911 1087 2975 ad
1148 2910 1560 2976 concordiam
1607 2910 1846 2975 civium
1891 2909 2150 2993 putavit

106 3005 182 3065 et
238 2998 325 3062 ad
370 2998 752 3081 perficiundi
795 2998 1181 3063 facultatem
1217 2999 1507 3063 animum
1543 2995 1840 3064 Caesaris
1879 3018 1920 3060 a
1955 3017 2150 3060 eausa

103 3109 257 3153 ιιοιι
309 3085 679 3151 abhorrere.
769 3087 957 3151 Abiit
1001 3087 1113 3151 ille
1162 3109 1397 3171 annus3
1448 3087 1804 3170 respirasse
1848 3084 2146 3148 homines

106 3175 518 3241 videbantur
570 3175 859 3239 nondum
913 3197 1009 3258 re,
1065 3175 1178 3239 sed
1234 3197 1348 3258 spe
1403 3174 1498 3238 rei
1541 3173 1840 3257 publicae
1888 3193 2149 3254 recupe-

107 3263 387 3329 randae.
478 3261 798 3327 Exierunt
855 3226 1046 3327 malis
1102 3263 1431 3327 ominibus
1489 3265 1682 3344 atque
1731 3257 2147 3324 execrationi-

23 3377 78 3419 35
108 3357 251 3418 bus
310 3350 439 3414 duo
484 3351 757 3414 vulturii
802 3349 1112 3434 paludati.
1206 3350 1458 3426 Quibus
1503 3349 1756 3412 utinam
1800 3347 1962 3430 ipsis
2010 3368 2147 3410 eve-

102 3442 381 3506 nissent
426 3457 517 3521 ea,
565 3459 727 3521 quae
764 3443 907 3503 tum
942 3439 1238 3503 homines
1276 3437 1734 3522 precabantur!
1780 3455 1988 3518 neque
2025 3456 2146 3498 nos

104 3525 537 3614 provinciam
563 3525 1011 3592 Macedoniam
1048 3548 1197 3592 cum
1231 3525 1517 3590 exercitu
1544 3544 1751 3607 neque
1781 3523 2145 3606 equitatum
