2550 3875
366 140 499 202 510
635 138 714 191 IN
750 136 824 190 M.
864 135 1262 190 ANTONIUM
1302 134 1571 189 οΒΑΤιο
1612 94 2020 188 ΡΗΙΜΡΡῙοΑ
2058 134 2153 188 x1.

364 299 586 382 Atque
631 299 757 363 hoc
804 298 1064 381 quidem
1110 298 1497 361 detestabile
1547 318 1739 361 omen
1784 300 2039 360 avertat
2076 295 2410 380 Iuppiter!

365 409 564 471 quam
610 387 964 451 absurdum
1011 389 1250 468 autem,
1298 386 1411 468 qui
1446 388 1712 468 praetor
1748 384 1890 448 fieri
1927 406 2060 449 non
2096 384 2412 468 potuerit,

363 479 586 559 petere
643 496 790 539 eum
849 474 1287 539 consulatum!
1342 473 1472 537 nisi
1524 472 1698 537 forte
1750 472 2242 537 damnationem
2291 494 2411 557 pro

363 566 674 648 praetura
735 567 944 646 putat.
1043 560 1237 626 Alter
1292 559 1532 627 Caesar
1586 560 1913 645 Vopiscus
1976 560 2088 624 ille
2146 582 2410 625 summo

363 650 647 736 ingenie,
694 672 952 715 summa
986 649 1305 734 potentia,
1352 649 1463 733 qui
1501 670 1580 713 ex
1618 648 1952 726 aedilitate
1991 648 2410 716 consulatum
2454 666 2471 704 ⁵

363 738 556 823 petit,
630 739 923 803 solvatur
987 738 1276 824 legibus3
1350 758 1745 821 quamquam
1809 738 1991 822 leges
2055 758 2208 801 eum
2276 759 2411 802 non

363 830 592 892 tenent
644 831 915 911 propter
970 826 1305 908 eximiam,
1361 827 1552 890 credo
1564 841 1588 908 ,¹
1635 825 2042 911 dignitatem.
2146 824 2245 889 At
2302 824 2409 889 hic

365 937 467 979 me
513 914 896 980 defendente
943 914 1335 998 quinquiens
1383 914 1723 977 absolutus
1770 917 1902 998 est3
1952 916 2138 977 sexta
2182 914 2409 997 palma

361 1004 613 1068 urbana
666 1004 868 1068 etiam
922 1002 993 1067 in
1048 1002 1410 1088 gladiatore
1461 1000 1767 1066 difficilis.
1860 999 1989 1067 Sed
2032 1001 2197 1066 haec
2244 1001 2405 1065 iudi-

363 1112 511 1156 cum
567 1092 784 1175 culpa,
837 1112 972 1156 non
1024 1111 1170 1155 mea
1225 1096 1343 1154 est.
1434 1090 1582 1175 Ego
1638 1089 1895 1162 defendi
1949 1089 2075 1153 fide
2132 1089 2407 1174 optima,
2434 1106 2470 1144 1⁰

360 1179 460 1243 illi
516 1179 878 1244 debuerunt
934 1178 1369 1244 clarissimum
1423 1181 1488 1242 et
1534 1177 2175 1262 praestantissimum
2224 1199 2407 1242 sena-

361 1272 574 1333 torem
611 1267 682 1332 in
721 1267 988 1332 civitate
1025 1267 1328 1331 retinere.
1390 1265 1516 1342 Qui
1554 1270 1776 1330 tamen
1810 1288 1983 1330 nunc
2018 1265 2187 1329 nihil
2227 1265 2408 1330 aliud

364 1376 557 1441 agere
601 1355 886 1438 videtur,
939 1354 1068 1419 nisi
1112 1358 1189 1419 ut
1233 1354 1699 1439 intellegamus
1745 1354 1923 1437 illos,
1970 1375 2254 1437 quorum
2303 1375 2405 1419 res

361 1444 682 1509 iudicatas
728 1444 962 1507 inritas
1007 1442 1301 1526 fecimus,
1346 1443 1509 1506 bene
1556 1446 1626 1507 et
1669 1464 1704 1507 e
1751 1464 1821 1507 re
1861 1441 2127 1526 publica
2164 1442 2405 1507 iudica—

279 1545 341 1593 12
362 1531 550 1597 visse.
628 1529 858 1615 Neque
905 1531 1031 1596 hoc
1076 1530 1147 1595 in
1191 1530 1318 1595 hoc
1363 1552 1494 1595 uno
1542 1534 1671 1615 est3
1718 1534 1873 1595 sunt
1919 1529 2031 1594 alii
2076 1529 2147 1595 in
2193 1530 2405 1595 isdem
2432 1546 2469 1585 ιε

362 1619 596 1684 castris
649 1618 923 1684 honeste
981 1618 1421 1700 condemnati,
1478 1618 1759 1702 turpiter
1804 1618 2117 1683 restituti.
2213 1618 2403 1695 Quod

358 1707 594 1772 horum
641 1706 1003 1790 consilium,
1050 1707 1161 1791 qui
1209 1706 1512 1771 omnibus
1559 1706 1750 1771 bonis
1787 1706 2014 1771 hostes
2052 1709 2227 1791 sunt,
2273 1707 2403 1771 nisi

361 1794 882 1860 crudelissimum
916 1794 1168 1880 putatis
1204 1794 1393 1860 fore?
1453 1794 1728 1860 Accedit
1766 1794 1937 1860 Saxa
1973 1794 2196 1859 nescio
2238 1794 2401 1880 quiS,

361 1905 553 1970 quem
598 1883 791 1950 nobis
839 1881 1081 1951 Caesar
1127 1904 1206 1948 ex
1250 1882 1489 1948 ultima
1526 1880 1879 1950 Celtiberia
1924 1882 2268 1948 tribunum
2314 1884 2400 1969 pl.

359 1972 555 2057 dedit,
592 1977 958 2039 castrorum
996 1976 1190 2037 antea
1227 1976 1530 2055 metator,
1566 1994 1757 2056 nunc,
1794 1977 1869 2037 ut
1907 1975 2148 2057 sperat,
2184 1972 2399 2057 urbis3
2424 1989 2469 2027 ⁸⁰
2536 2023 2538 2026 Α

361 2083 400 2124 a
435 2083 564 2146 qua
600 2083 748 2126 cum
787 2061 876 2126 sit
914 2061 1183 2143 alienus,
1221 2081 1340 2125 suo
1372 2059 1572 2144 capiti
1602 2060 1801 2126 salvis
1828 2060 2021 2125 nobis
2052 2059 2397 2126 ominetur.

359 2147 525 2215 Cum
570 2149 697 2214 hoc
737 2153 1082 2214 veteranus
1122 2146 1303 2232 Cafo,
1351 2170 1479 2231 quo
1518 2149 1845 2213 neminem
1884 2148 2175 2213 veterani
2212 2149 2396 2233 peius

360 2235 652 2302 oderunt.
734 2235 860 2302 His
908 2237 1094 2320 quasi
1140 2241 1403 2320 praeter
1449 2237 1687 2321 dotem,
1735 2259 1931 2321 quam
1977 2237 2048 2300 in
2094 2236 2395 2303 civilibus

357 2324 548 2388 malis
594 2328 1002 2408 acceperant,
1054 2345 1288 2410 agrum
1334 2323 1738 2408 Campanum
1793 2329 1897 2390 est
1939 2324 2223 2411 largitus
2270 2325 2397 2390 An·

356 2412 595 2497 tonius,
641 2416 716 2476 ut
760 2412 1079 2477 haberent
1123 2413 1526 2496 reliquorum
1559 2413 1921 2478 nutriculas
1964 2413 2393 2498 praediorum.
2420 2427 2464 2469 κ

360 2499 612 2576 Quibus
657 2500 911 2565 utinam
957 2501 1250 2566 contenti
1298 2503 1540 2565 essent!
1594 2501 1941 2585 ferremus,
1994 2501 2120 2566 etsi
2166 2503 2396 2566 tolera-

295 2638 336 2702 6
355 2588 488 2654 bile
551 2610 684 2653 non
750 2593 919 2674 erat3
982 2589 1094 2654 sed
1161 2588 1417 2673 quidvis
1480 2589 1861 2674 patiendum
1923 2589 2078 2672 fuit,
2142 2592 2217 2654 ut
2270 2588 2395 2654 hoc

277 2729 335 2776 13
356 2676 807 2742 taeterrimum
887 2677 1135 2742 bellum
1214 2699 1349 2742 non
1428 2676 1834 2743 haberemus.
1972 2677 2143 2754 Quid
2162 2677 2197 2741 ⁶?
2276 2677 2395 2742 illa

358 2770 723 2831 castrorum
778 2764 866 2830 M.
914 2765 1162 2830 Antoni
1220 2764 1473 2830 lumina
1515 2787 1729 2830 nonne
1776 2773 1927 2830 ante
1975 2765 2200 2832 oculos
2245 2787 2389 2849 pro-

355 2854 647 2939 ponitis?
733 2853 1029 2918 Primum
1085 2852 1249 2917 duos
1306 2853 1591 2938 collegas
1648 2853 2090 2919 Antoniorum
2146 2857 2214 2918 et
2259 2851 2388 2918 Do-
2419 2869 2463 2910 το

356 2943 650 3026 labellae,
696 2941 1022 3007 Nuculam
1071 2945 1137 3006 et
1174 2939 1557 3025 Lentonem,
1602 2941 1835 3007 Italiae
1882 2941 2200 3007 divisores
2244 2941 2391 3026 lege

358 3052 460 3113 ea,
523 3052 719 3114 quam
775 3035 1041 3095 senatus
1096 3050 1214 3113 per
1267 3029 1403 3093 vim
1456 3030 1662 3094 latam
1716 3030 2056 3115 iudicavit3
2113 3051 2389 3114 quorum

358 3119 526 3182 alter
577 3122 1055 3183 commentatus
1102 3120 1203 3181 est
1249 3116 1515 3201 mimos,
1571 3119 1738 3183 alter
1784 3118 1923 3205 egit
1969 3116 2392 3204 tragoediam.

358 3205 528 3282 Quid
573 3205 785 3270 dicam
821 3206 900 3271 de
937 3206 1154 3291 Apulo
1192 3204 1538 3271 Domitio?
1586 3207 1769 3273 cuius
1808 3207 2003 3272 modo
2039 3207 2213 3271 bona
2248 3227 2393 3290 pro-

354 3293 615 3445 ἱῖῗΡὲἶ
650 3293 1085 3447 ῗέξοῖἒέῗ
1107 3293 2391 3448 {133⁰ufflffiimveessssffihgffssedff
2419 3311 2467 3351 '⁶

360 3464 486 3529 Sed
533 3402 666 3531 ηοξ
710 3474 988 3552 possunt
1031 3491 1165 3535 non
1207 3468 1482 3554 prodige
1529 3470 1761 3555 vivere,
1808 3436 2187 3556 qui'nostra
2220 3470 2391 3535 bona
