<?xml version="1.0" encoding="UTF-8"?>
<!DOCTYPE html PUBLIC "-//W3C//DTD XHTML 1.0 Transitional//EN"
    "http://www.w3.org/TR/xhtml1/DTD/xhtml1-transitional.dtd">
<html xmlns="http://www.w3.org/1999/xhtml" xml:lang="en" lang="en">
 <head>
  <title>
</title>
<meta http-equiv="Content-Type" content="text/html;charset=utf-8" />
  <meta name='ocr-system' content='tesseract 3.04.00' />
  <meta name='ocr-capabilities' content='ocr_page ocr_carea ocr_par ocr_line ocrx_word'/>
</head>
<body>
  <div class='ocr_page' id='page_1' title='image "./scriptaquaemans00mlgoog_0518.png"; bbox 0 0 2550 3875; ppageno 0'>
   <div class='ocr_carea' id='block_1_1' title="bbox 282 174 2038 249">
    <p class='ocr_par' dir='ltr' id='par_1_1' title="bbox 282 174 2038 249">
     <span class='ocr_line' id='line_1_1' title="bbox 282 174 2038 249; baseline -0.011 -2"><span class='ocrx_word' id='word_1_1' title='bbox 282 182 417 249; x_wconf 82' lang='grc'><strong>382</strong></span> <span class='ocrx_word' id='word_1_2' title='bbox 556 179 638 236; x_wconf 73' lang='lat' dir='ltr'><strong>IN</strong></span> <span class='ocrx_word' id='word_1_3' title='bbox 673 180 748 235; x_wconf 87' lang='grc' dir='ltr'><strong>Μ.</strong></span> <span class='ocrx_word' id='word_1_4' title='bbox 786 176 1178 236; x_wconf 78' lang='lat' dir='ltr'>ANTONIUM</span> <span class='ocrx_word' id='word_1_5' title='bbox 1214 175 1487 232; x_wconf 75' lang='lat' dir='ltr'>ORATIO</span> <span class='ocrx_word' id='word_1_6' title='bbox 1523 174 1934 230; x_wconf 79' lang='lat' dir='ltr'><strong>PHILIPPICA</strong></span> <span class='ocrx_word' id='word_1_7' title='bbox 1969 175 2038 229; x_wconf 90' lang='lat'><strong>11.</strong></span> 
     </span>
    </p>
   </div>
   <div class='ocr_carea' id='block_1_2' title="bbox 188 335 2427 3599">
    <p class='ocr_par' dir='ltr' id='par_1_2' title="bbox 283 335 2413 1129">
     <span class='ocr_line' id='line_1_2' title="bbox 284 335 2325 426; baseline -0.005 -15"><span class='ocrx_word' id='word_1_8' title='bbox 284 347 546 411; x_wconf 88' lang='lat' dir='ltr'><strong>secutus</strong></span> <span class='ocrx_word' id='word_1_9' title='bbox 601 363 672 406; x_wconf 91' lang='lat' dir='ltr'><strong>es</strong></span> <span class='ocrx_word' id='word_1_10' title='bbox 723 339 1192 426; x_wconf 72' lang='lat' dir='ltr'><strong>negotiumque</strong></span> <span class='ocrx_word' id='word_1_11' title='bbox 1247 337 1712 424; x_wconf 86' lang='lat' dir='ltr'><strong>transegisses,</strong></span> <span class='ocrx_word' id='word_1_12' title='bbox 1764 337 1895 403; x_wconf 85' lang='lat' dir='ltr'><strong>nisi</strong></span> <span class='ocrx_word' id='word_1_13' title='bbox 1948 359 2018 402; x_wconf 91' lang='lat' dir='ltr'><strong>se</strong></span> <span class='ocrx_word' id='word_1_14' title='bbox 2074 337 2189 402; x_wconf 91' lang='lat' dir='ltr'><strong>ille</strong></span> <span class='ocrx_word' id='word_1_15' title='bbox 2243 335 2325 400; x_wconf 84' lang='lat' dir='ltr'><strong>in</strong></span> 
     </span>
     <span class='ocr_line' id='line_1_3' title="bbox 284 425 2325 511; baseline -0.004 -13"><span class='ocrx_word' id='word_1_16' title='bbox 284 431 495 498; x_wconf 80' lang='lat' dir='ltr'><strong>scalas</strong></span> <span class='ocrx_word' id='word_1_17' title='bbox 559 428 868 496; x_wconf 89' lang='lat' dir='ltr'><strong>tabernae</strong></span> <span class='ocrx_word' id='word_1_18' title='bbox 931 427 1236 493; x_wconf 77' lang='lat' dir='ltr'>librariae</span> <span class='ocrx_word' id='word_1_19' title='bbox 1294 425 1678 492; x_wconf 88' lang='lat' dir='ltr'><strong>coniecisset</strong></span> <span class='ocrx_word' id='word_1_20' title='bbox 1730 426 1942 511; x_wconf 88' lang='lat' dir='ltr'><strong>iisque</strong></span> <span class='ocrx_word' id='word_1_21' title='bbox 1996 425 2325 510; x_wconf 85' lang='lat' dir='ltr'><strong>oppilatis</strong></span> 
     </span>
     <span class='ocr_line' id='line_1_4' title="bbox 284 512 2323 604; baseline -0.003 -20"><span class='ocrx_word' id='word_1_22' title='bbox 284 520 604 604; x_wconf 90' lang='lat' dir='ltr'><strong>impetum</strong></span> <span class='ocrx_word' id='word_1_23' title='bbox 675 522 864 582; x_wconf 90' lang='lat' dir='ltr'><strong>tuum</strong></span> <span class='ocrx_word' id='word_1_24' title='bbox 938 514 1475 600; x_wconf 72' lang='lat' dir='ltr'><strong>compressisset?</strong></span> <span class='ocrx_word' id='word_1_25' title='bbox 1588 512 1777 591; x_wconf 86' lang='lat' dir='ltr'><strong>Quod</strong></span> <span class='ocrx_word' id='word_1_26' title='bbox 1850 513 2113 598; x_wconf 89' lang='lat' dir='ltr'><strong>quidem</strong></span> <span class='ocrx_word' id='word_1_27' title='bbox 2186 533 2323 598; x_wconf 85' lang='lat' dir='ltr'><strong>ego</strong></span> 
     </span>
     <span class='ocr_line' id='line_1_5' title="bbox 286 599 2321 688; baseline -0.003 -16"><span class='ocrx_word' id='word_1_28' title='bbox 286 607 526 672; x_wconf 79' lang='lat' dir='ltr'><strong>favisse</strong></span> <span class='ocrx_word' id='word_1_29' title='bbox 579 628 682 672; x_wconf 88' lang='lat' dir='ltr'><strong>me</strong></span> <span class='ocrx_word' id='word_1_30' title='bbox 736 604 864 670; x_wconf 90' lang='lat' dir='ltr'><strong>tibi</strong></span> <span class='ocrx_word' id='word_1_31' title='bbox 917 602 1155 688; x_wconf 85' lang='lat' dir='ltr'><strong>fateor,</strong></span> <span class='ocrx_word' id='word_1_32' title='bbox 1209 603 1493 668; x_wconf 84' lang='lat' dir='ltr'><strong>suasisse</strong></span> <span class='ocrx_word' id='word_1_33' title='bbox 1546 623 1628 667; x_wconf 89' lang='lat' dir='ltr'><strong>ne</strong></span> <span class='ocrx_word' id='word_1_34' title='bbox 1684 606 1760 667; x_wconf 89' lang='lat' dir='ltr'><strong>tu</strong></span> <span class='ocrx_word' id='word_1_35' title='bbox 1814 603 2076 686; x_wconf 91' lang='lat' dir='ltr'><strong>quidem</strong></span> <span class='ocrx_word' id='word_1_36' title='bbox 2130 599 2321 666; x_wconf 87' lang='lat' dir='ltr'><strong>dicis.</strong></span> 
     </span>
     <span class='ocr_line' id='line_1_6' title="bbox 285 690 2413 776; baseline -0.003 -15"><span class='ocrx_word' id='word_1_37' title='bbox 285 694 381 761; x_wconf 87' lang='lat' dir='ltr'><strong>At</strong></span> <span class='ocrx_word' id='word_1_38' title='bbox 423 693 660 760; x_wconf 89' lang='lat' dir='ltr'><strong>Miloni</strong></span> <span class='ocrx_word' id='word_1_39' title='bbox 710 713 794 759; x_wconf 87' lang='lat' dir='ltr'><strong>ne</strong></span> <span class='ocrx_word' id='word_1_40' title='bbox 847 692 1063 757; x_wconf 80' lang='lat' dir='ltr'><strong>favere</strong></span> <span class='ocrx_word' id='word_1_41' title='bbox 1119 691 1379 776; x_wconf 87' lang='lat' dir='ltr'><strong>quidem</strong></span> <span class='ocrx_word' id='word_1_42' title='bbox 1433 690 1649 775; x_wconf 84' lang='lat' dir='ltr'><strong>potui3</strong></span> <span class='ocrx_word' id='word_1_43' title='bbox 1702 690 1886 774; x_wconf 88' lang='lat' dir='ltr'><strong>prius</strong></span> <span class='ocrx_word' id='word_1_44' title='bbox 1942 690 2116 755; x_wconf 89' lang='lat' dir='ltr'><strong>enim</strong></span> <span class='ocrx_word' id='word_1_45' title='bbox 2168 711 2319 755; x_wconf 86' lang='lat' dir='ltr'><strong>rem</strong></span> <span class='ocrx_word' id='word_1_46' title='bbox 2382 713 2413 754; x_wconf 68' lang='grc' dir='ltr'>ε</span> 
     </span>
     <span class='ocr_line' id='line_1_7' title="bbox 285 777 2322 869; baseline -0.002 -21"><span class='ocrx_word' id='word_1_47' title='bbox 285 783 640 869; x_wconf 70' lang='lat' dir='ltr'><strong>transegit,</strong></span> <span class='ocrx_word' id='word_1_48' title='bbox 691 803 885 866; x_wconf 88' lang='lat' dir='ltr'><strong>quam</strong></span> <span class='ocrx_word' id='word_1_49' title='bbox 940 780 1284 865; x_wconf 89' lang='lat' dir='ltr'><strong>quisquam</strong></span> <span class='ocrx_word' id='word_1_50' title='bbox 1340 800 1488 844; x_wconf 91' lang='lat' dir='ltr'><strong>eum</strong></span> <span class='ocrx_word' id='word_1_51' title='bbox 1541 779 1871 845; x_wconf 86' lang='lat' dir='ltr'><strong>facturum</strong></span> <span class='ocrx_word' id='word_1_52' title='bbox 1914 777 1983 843; x_wconf 88' lang='lat' dir='ltr'><strong>id</strong></span> <span class='ocrx_word' id='word_1_53' title='bbox 2028 778 2322 862; x_wconf 82' lang='lat' dir='ltr'><strong>suspica-</strong></span> 
     </span>
     <span class='ocr_line' id='line_1_8' title="bbox 285 864 2321 955; baseline -0.002 -19"><span class='ocrx_word' id='word_1_54' title='bbox 285 876 483 938; x_wconf 83' lang='lat' dir='ltr'><strong>retur.</strong></span> <span class='ocrx_word' id='word_1_55' title='bbox 564 870 659 936; x_wconf 86' lang='lat' dir='ltr'><strong>At</strong></span> <span class='ocrx_word' id='word_1_56' title='bbox 704 890 826 955; x_wconf 91' lang='lat' dir='ltr'><strong>ego</strong></span> <span class='ocrx_word' id='word_1_57' title='bbox 873 868 1068 934; x_wconf 85' lang='lat' dir='ltr'><strong>suasi.</strong></span> <span class='ocrx_word' id='word_1_58' title='bbox 1153 865 1421 932; x_wconf 83' lang='lat' dir='ltr'><strong>Scilicet</strong></span> <span class='ocrx_word' id='word_1_59' title='bbox 1454 867 1512 931; x_wconf 90' lang='lat' dir='ltr'><strong>is</strong></span> <span class='ocrx_word' id='word_1_60' title='bbox 1552 867 1809 932; x_wconf 84' lang='lat' dir='ltr'><strong>animus</strong></span> <span class='ocrx_word' id='word_1_61' title='bbox 1846 870 1990 932; x_wconf 89' lang='lat' dir='ltr'><strong>erat</strong></span> <span class='ocrx_word' id='word_1_62' title='bbox 2024 864 2321 950; x_wconf 89' lang='lat' dir='ltr'><strong>Milonis,</strong></span> 
     </span>
     <span class='ocr_line' id='line_1_9' title="bbox 283 953 2322 1043; baseline -0.002 -18"><span class='ocrx_word' id='word_1_63' title='bbox 283 964 361 1025; x_wconf 93' lang='lat' dir='ltr'><strong>ut</strong></span> <span class='ocrx_word' id='word_1_64' title='bbox 405 959 711 1043; x_wconf 85' lang='lat' dir='ltr'><strong>prodesse</strong></span> <span class='ocrx_word' id='word_1_65' title='bbox 758 958 854 1023; x_wconf 89' lang='lat' dir='ltr'><strong>rei</strong></span> <span class='ocrx_word' id='word_1_66' title='bbox 898 956 1196 1042; x_wconf 91' lang='lat' dir='ltr'><strong>publicae</strong></span> <span class='ocrx_word' id='word_1_67' title='bbox 1243 956 1383 1022; x_wconf 89' lang='lat' dir='ltr'><strong>sine</strong></span> <span class='ocrx_word' id='word_1_68' title='bbox 1432 976 1699 1020; x_wconf 85' lang='lat' dir='ltr'><strong>suasore</strong></span> <span class='ocrx_word' id='word_1_69' title='bbox 1733 976 1869 1022; x_wconf 92' lang='lat' dir='ltr'><strong>non</strong></span> <span class='ocrx_word' id='word_1_70' title='bbox 1904 958 2145 1040; x_wconf 88' lang='lat' dir='ltr'><strong>posset.</strong></span> <span class='ocrx_word' id='word_1_71' title='bbox 2220 953 2322 1020; x_wconf 85' lang='lat' dir='ltr'><strong>At</strong></span> 
     </span>
     <span class='ocr_line' id='line_1_10' title="bbox 283 1043 2321 1129; baseline -0.002 -17"><span class='ocrx_word' id='word_1_72' title='bbox 283 1049 568 1114; x_wconf 88' lang='lat' dir='ltr'><strong>laetatus</strong></span> <span class='ocrx_word' id='word_1_73' title='bbox 625 1067 787 1112; x_wconf 91' lang='lat' dir='ltr'><strong>sum.</strong></span> <span class='ocrx_word' id='word_1_74' title='bbox 880 1043 1050 1122; x_wconf 86' lang='lat' dir='ltr'><strong>Quid</strong></span> <span class='ocrx_word' id='word_1_75' title='bbox 1104 1044 1309 1129; x_wconf 76' lang='lat' dir='ltr'><strong>ergo?</strong></span> <span class='ocrx_word' id='word_1_76' title='bbox 1364 1044 1435 1110; x_wconf 87' lang='lat' dir='ltr'><strong>in</strong></span> <span class='ocrx_word' id='word_1_77' title='bbox 1488 1046 1677 1109; x_wconf 86' lang='lat' dir='ltr'><strong>tanta</strong></span> <span class='ocrx_word' id='word_1_78' title='bbox 1732 1043 1987 1108; x_wconf 85' lang='lat' dir='ltr'><strong>laetitia</strong></span> <span class='ocrx_word' id='word_1_79' title='bbox 2038 1047 2321 1110; x_wconf 88' lang='lat' dir='ltr'><strong>cunctae</strong></span> 
     </span>
    </p>

    <p class='ocr_par' dir='ltr' id='par_1_3' title="bbox 199 1131 2411 1747">
     <span class='ocr_line' id='line_1_11' title="bbox 199 1131 2411 1217; baseline -0.005 -14"><span class='ocrx_word' id='word_1_80' title='bbox 199 1154 267 1204; x_wconf 76' lang='lat'><strong>22</strong></span> <span class='ocrx_word' id='word_1_81' title='bbox 287 1135 576 1202; x_wconf 83' lang='lat' dir='ltr'><strong>civitatis</strong></span> <span class='ocrx_word' id='word_1_82' title='bbox 642 1155 746 1199; x_wconf 88' lang='lat' dir='ltr'><strong>me</strong></span> <span class='ocrx_word' id='word_1_83' title='bbox 807 1155 1012 1199; x_wconf 89' lang='lat' dir='ltr'><strong>unum</strong></span> <span class='ocrx_word' id='word_1_84' title='bbox 1069 1133 1331 1198; x_wconf 88' lang='lat' dir='ltr'><strong>tristem</strong></span> <span class='ocrx_word' id='word_1_85' title='bbox 1384 1153 1525 1198; x_wconf 88' lang='lat' dir='ltr'><strong>esse</strong></span> <span class='ocrx_word' id='word_1_86' title='bbox 1582 1132 1973 1217; x_wconf 76' lang='lat' dir='ltr'><strong>oportebat?</strong></span> <span class='ocrx_word' id='word_1_87' title='bbox 2075 1131 2319 1208; x_wconf 82' lang='lat' dir='ltr'><strong>Quam-</strong></span> <span class='ocrx_word' id='word_1_88' title='bbox 2352 1151 2411 1191; x_wconf 80' lang='grc' dir='ltr'><strong>ιο</strong></span> 
     </span>
     <span class='ocr_line' id='line_1_12' title="bbox 287 1219 2321 1310; baseline -0.003 -20"><span class='ocrx_word' id='word_1_89' title='bbox 287 1246 483 1310; x_wconf 87' lang='lat' dir='ltr'><strong>quam</strong></span> <span class='ocrx_word' id='word_1_90' title='bbox 519 1223 598 1289; x_wconf 91' lang='lat' dir='ltr'><strong>de</strong></span> <span class='ocrx_word' id='word_1_91' title='bbox 635 1225 846 1288; x_wconf 91' lang='lat' dir='ltr'><strong>morte</strong></span> <span class='ocrx_word' id='word_1_92' title='bbox 875 1219 1063 1287; x_wconf 89' lang='lat' dir='ltr'><strong>Clodi</strong></span> <span class='ocrx_word' id='word_1_93' title='bbox 1097 1219 1228 1284; x_wconf 86' lang='lat' dir='ltr'><strong>fuit</strong></span> <span class='ocrx_word' id='word_1_94' title='bbox 1265 1220 1561 1305; x_wconf 81' lang='lat' dir='ltr'><strong>quaestio</strong></span> <span class='ocrx_word' id='word_1_95' title='bbox 1597 1241 1733 1286; x_wconf 92' lang='lat' dir='ltr'><strong>non</strong></span> <span class='ocrx_word' id='word_1_96' title='bbox 1768 1219 1932 1285; x_wconf 86' lang='lat' dir='ltr'><strong>satis</strong></span> <span class='ocrx_word' id='word_1_97' title='bbox 1959 1220 2321 1305; x_wconf 87' lang='lat' dir='ltr'><strong>prudenter</strong></span> 
     </span>
     <span class='ocr_line' id='line_1_13' title="bbox 285 1306 2319 1396; baseline -0.002 -19"><span class='ocrx_word' id='word_1_98' title='bbox 285 1312 404 1378; x_wconf 90' lang='lat' dir='ltr'><strong>illa</strong></span> <span class='ocrx_word' id='word_1_99' title='bbox 447 1311 711 1396; x_wconf 89' lang='lat' dir='ltr'><strong>quidem</strong></span> <span class='ocrx_word' id='word_1_100' title='bbox 755 1309 1116 1376; x_wconf 85' lang='lat' dir='ltr'><strong>constituta</strong></span> <span class='ocrx_word' id='word_1_101' title='bbox 1164 1306 1351 1395; x_wconf 91' lang='lat' dir='ltr'><strong>(quid</strong></span> <span class='ocrx_word' id='word_1_102' title='bbox 1388 1308 1560 1374; x_wconf 90' lang='lat' dir='ltr'><strong>enim</strong></span> <span class='ocrx_word' id='word_1_103' title='bbox 1598 1308 1927 1373; x_wconf 83' lang='lat' dir='ltr'><strong>attinebat</strong></span> <span class='ocrx_word' id='word_1_104' title='bbox 1958 1329 2131 1373; x_wconf 80' lang='lat' dir='ltr'><strong>nova</strong></span> <span class='ocrx_word' id='word_1_105' title='bbox 2166 1308 2319 1393; x_wconf 85' lang='lat' dir='ltr'><strong>lege</strong></span> 
     </span>
     <span class='ocr_line' id='line_1_14' title="bbox 288 1396 2321 1485; baseline -0.003 -19"><span class='ocrx_word' id='word_1_106' title='bbox 288 1401 514 1485; x_wconf 83' lang='lat' dir='ltr'><strong>quaeri</strong></span> <span class='ocrx_word' id='word_1_107' title='bbox 561 1399 638 1464; x_wconf 88' lang='lat' dir='ltr'><strong>de</strong></span> <span class='ocrx_word' id='word_1_108' title='bbox 685 1420 780 1482; x_wconf 92' lang='lat' dir='ltr'><strong>e0,</strong></span> <span class='ocrx_word' id='word_1_109' title='bbox 827 1398 940 1481; x_wconf 88' lang='lat' dir='ltr'><strong>qui</strong></span> <span class='ocrx_word' id='word_1_110' title='bbox 983 1396 1317 1462; x_wconf 91' lang='lat' dir='ltr'><strong>hominem</strong></span> <span class='ocrx_word' id='word_1_111' title='bbox 1353 1397 1715 1480; x_wconf 86' lang='lat' dir='ltr'><strong>occidisset,</strong></span> <span class='ocrx_word' id='word_1_112' title='bbox 1761 1417 1909 1461; x_wconf 91' lang='lat' dir='ltr'><strong>cum</strong></span> <span class='ocrx_word' id='word_1_113' title='bbox 1944 1399 2121 1461; x_wconf 89' lang='lat' dir='ltr'><strong>esset</strong></span> <span class='ocrx_word' id='word_1_114' title='bbox 2156 1396 2321 1482; x_wconf 88' lang='lat' dir='ltr'><strong>legi-</strong></span> 
     </span>
     <span class='ocr_line' id='line_1_15' title="bbox 284 1481 2319 1571; baseline -0.003 -17"><span class='ocrx_word' id='word_1_115' title='bbox 284 1490 408 1554; x_wconf 89' lang='lat' dir='ltr'><strong>bus</strong></span> <span class='ocrx_word' id='word_1_116' title='bbox 447 1487 745 1571; x_wconf 88' lang='lat' dir='ltr'><strong>quaestio</strong></span> <span class='ocrx_word' id='word_1_117' title='bbox 783 1481 1236 1570; x_wconf 70' lang='lat' dir='ltr'><strong>constitutaP),</strong></span> <span class='ocrx_word' id='word_1_118' title='bbox 1273 1485 1640 1570; x_wconf 91' lang='lat' dir='ltr'><strong>quaesitum</strong></span> <span class='ocrx_word' id='word_1_119' title='bbox 1675 1489 1780 1550; x_wconf 85' lang='lat' dir='ltr'><strong>est</strong></span> <span class='ocrx_word' id='word_1_120' title='bbox 1814 1489 2051 1549; x_wconf 88' lang='lat' dir='ltr'><strong>tamen.</strong></span> <span class='ocrx_word' id='word_1_121' title='bbox 2124 1484 2319 1561; x_wconf 81' lang='lat' dir='ltr'><strong>Quod</strong></span> 
     </span>
     <span class='ocr_line' id='line_1_16' title="bbox 284 1572 2405 1662; baseline -0 -20"><span class='ocrx_word' id='word_1_122' title='bbox 284 1577 520 1662; x_wconf 86' lang='lat' dir='ltr'><strong>igitur,</strong></span> <span class='ocrx_word' id='word_1_123' title='bbox 575 1597 722 1640; x_wconf 87' lang='lat' dir='ltr'><strong>cum</strong></span> <span class='ocrx_word' id='word_1_124' title='bbox 775 1596 880 1639; x_wconf 87' lang='lat' dir='ltr'><strong>res</strong></span> <span class='ocrx_word' id='word_1_125' title='bbox 935 1573 1283 1660; x_wconf 85' lang='lat' dir='ltr'><strong>agebatur,</strong></span> <span class='ocrx_word' id='word_1_126' title='bbox 1334 1594 1527 1638; x_wconf 92' lang='lat' dir='ltr'><strong>nemo</strong></span> <span class='ocrx_word' id='word_1_127' title='bbox 1582 1573 1653 1637; x_wconf 86' lang='lat' dir='ltr'><strong>in</strong></span> <span class='ocrx_word' id='word_1_128' title='bbox 1698 1594 1803 1638; x_wconf 92' lang='lat' dir='ltr'><strong>me</strong></span> <span class='ocrx_word' id='word_1_129' title='bbox 1848 1573 2041 1657; x_wconf 85' lang='lat' dir='ltr'><strong>dixit,</strong></span> <span class='ocrx_word' id='word_1_130' title='bbox 2094 1572 2161 1637; x_wconf 92' lang='lat' dir='ltr'><strong>id</strong></span> <span class='ocrx_word' id='word_1_131' title='bbox 2208 1576 2316 1637; x_wconf 88' lang='lat' dir='ltr'><strong>tot</strong></span> <span class='ocrx_word' id='word_1_132' title='bbox 2348 1600 2405 1641; x_wconf 60' lang='grc' dir='ltr'><strong>ιε</strong></span> 
     </span>
     <span class='ocr_line' id='line_1_17' title="bbox 288 1661 1750 1747; baseline -0.003 -17"><span class='ocrx_word' id='word_1_133' title='bbox 288 1665 474 1730; x_wconf 89' lang='lat' dir='ltr'><strong>annis</strong></span> <span class='ocrx_word' id='word_1_134' title='bbox 520 1666 672 1747; x_wconf 88' lang='lat' dir='ltr'><strong>post</strong></span> <span class='ocrx_word' id='word_1_135' title='bbox 718 1666 793 1726; x_wconf 91' lang='lat' dir='ltr'><strong>tu</strong></span> <span class='ocrx_word' id='word_1_136' title='bbox 839 1683 907 1726; x_wconf 88' lang='lat' dir='ltr'><strong>es</strong></span> <span class='ocrx_word' id='word_1_137' title='bbox 954 1662 1256 1726; x_wconf 79' lang='lat' dir='ltr'><strong>inventus</strong></span> <span class='ocrx_word' id='word_1_138' title='bbox 1304 1661 1414 1746; x_wconf 91' lang='lat' dir='ltr'><strong>qui</strong></span> <span class='ocrx_word' id='word_1_139' title='bbox 1460 1661 1750 1726; x_wconf 76' lang='lat' dir='ltr'><strong>diceres?</strong></span> 
     </span>
    </p>

    <p class='ocr_par' dir='ltr' id='par_1_4' title="bbox 199 1749 2399 2102">
     <span class='ocr_line' id='line_1_18' title="bbox 199 1749 2317 1834; baseline 0.001 -22"><span class='ocrx_word' id='word_1_140' title='bbox 199 1765 267 1813; x_wconf 80' lang='lat'><strong>28</strong></span> <span class='ocrx_word' id='word_1_141' title='bbox 422 1751 609 1828; x_wconf 83' lang='lat' dir='ltr'><strong>Quod</strong></span> <span class='ocrx_word' id='word_1_142' title='bbox 663 1772 816 1816; x_wconf 79' lang='lat' dir='ltr'><strong>vero</strong></span> <span class='ocrx_word' id='word_1_143' title='bbox 871 1750 1080 1815; x_wconf 89' lang='lat' dir='ltr'><strong>dicere</strong></span> <span class='ocrx_word' id='word_1_144' title='bbox 1137 1770 1332 1814; x_wconf 87' lang='lat' dir='ltr'><strong>ausus</strong></span> <span class='ocrx_word' id='word_1_145' title='bbox 1388 1770 1481 1833; x_wconf 91' lang='lat' dir='ltr'><strong>es,</strong></span> <span class='ocrx_word' id='word_1_146' title='bbox 1542 1749 1737 1833; x_wconf 88' lang='lat' dir='ltr'><strong>idque</strong></span> <span class='ocrx_word' id='word_1_147' title='bbox 1792 1749 2018 1814; x_wconf 89' lang='lat' dir='ltr'><strong>multis</strong></span> <span class='ocrx_word' id='word_1_148' title='bbox 2074 1749 2317 1834; x_wconf 80' lang='lat' dir='ltr'><strong>verbis,</strong></span> 
     </span>
     <span class='ocr_line' id='line_1_19' title="bbox 289 1836 2315 1925; baseline -0.002 -19"><span class='ocrx_word' id='word_1_149' title='bbox 289 1862 486 1925; x_wconf 85' lang='lat' dir='ltr'><strong>opera</strong></span> <span class='ocrx_word' id='word_1_150' title='bbox 530 1861 676 1906; x_wconf 88' lang='lat' dir='ltr'><strong>mea</strong></span> <span class='ocrx_word' id='word_1_151' title='bbox 713 1837 1098 1922; x_wconf 90' lang='lat' dir='ltr'><strong>Pompeium</strong></span> <span class='ocrx_word' id='word_1_152' title='bbox 1143 1859 1185 1902; x_wconf 83' lang='lat' dir='ltr'><strong>a</strong></span> <span class='ocrx_word' id='word_1_153' title='bbox 1221 1836 1517 1903; x_wconf 86' lang='lat' dir='ltr'><strong>Caesaris</strong></span> <span class='ocrx_word' id='word_1_154' title='bbox 1564 1837 1855 1903; x_wconf 88' lang='lat' dir='ltr'><strong>amicitia</strong></span> <span class='ocrx_word' id='word_1_155' title='bbox 1892 1859 2033 1902; x_wconf 89' lang='lat' dir='ltr'><strong>esse</strong></span> <span class='ocrx_word' id='word_1_156' title='bbox 2070 1837 2315 1902; x_wconf 88' lang='lat' dir='ltr'><strong>diiunc-</strong></span> 
     </span>
     <span class='ocr_line' id='line_1_20' title="bbox 289 1925 2313 2012; baseline -0.002 -17"><span class='ocrx_word' id='word_1_157' title='bbox 289 1934 432 1995; x_wconf 89' lang='lat' dir='ltr'><strong>tum</strong></span> <span class='ocrx_word' id='word_1_158' title='bbox 478 1928 563 1995; x_wconf 93' lang='lat' dir='ltr'><strong>ob</strong></span> <span class='ocrx_word' id='word_1_159' title='bbox 611 1949 882 2012; x_wconf 89' lang='lat' dir='ltr'><strong>eamque</strong></span> <span class='ocrx_word' id='word_1_160' title='bbox 929 1948 1191 1992; x_wconf 89' lang='lat' dir='ltr'><strong>causam</strong></span> <span class='ocrx_word' id='word_1_161' title='bbox 1237 1926 1429 2011; x_wconf 89' lang='lat' dir='ltr'><strong>culpa</strong></span> <span class='ocrx_word' id='word_1_162' title='bbox 1474 1948 1620 1991; x_wconf 90' lang='lat' dir='ltr'><strong>mea</strong></span> <span class='ocrx_word' id='word_1_163' title='bbox 1654 1925 1903 1993; x_wconf 89' lang='lat' dir='ltr'><strong>bellum</strong></span> <span class='ocrx_word' id='word_1_164' title='bbox 1939 1925 2129 1992; x_wconf 85' lang='lat' dir='ltr'><strong>civile</strong></span> <span class='ocrx_word' id='word_1_165' title='bbox 2166 1948 2313 1991; x_wconf 88' lang='lat' dir='ltr'><strong>esse</strong></span> 
     </span>
     <span class='ocr_line' id='line_1_21' title="bbox 287 2014 2399 2102; baseline -0 -18"><span class='ocrx_word' id='word_1_166' title='bbox 287 2023 548 2102; x_wconf 87' lang='lat' dir='ltr'><strong>natum,</strong></span> <span class='ocrx_word' id='word_1_167' title='bbox 602 2017 673 2081; x_wconf 90' lang='lat' dir='ltr'><strong>in</strong></span> <span class='ocrx_word' id='word_1_168' title='bbox 724 2038 802 2081; x_wconf 91' lang='lat' dir='ltr'><strong>eo</strong></span> <span class='ocrx_word' id='word_1_169' title='bbox 845 2037 980 2081; x_wconf 92' lang='lat' dir='ltr'><strong>non</strong></span> <span class='ocrx_word' id='word_1_170' title='bbox 1025 2018 1100 2079; x_wconf 92' lang='lat' dir='ltr'><strong>tu</strong></span> <span class='ocrx_word' id='word_1_171' title='bbox 1145 2014 1409 2099; x_wconf 90' lang='lat' dir='ltr'><strong>quidem</strong></span> <span class='ocrx_word' id='word_1_172' title='bbox 1454 2018 1599 2079; x_wconf 89' lang='lat' dir='ltr'><strong>tota</strong></span> <span class='ocrx_word' id='word_1_173' title='bbox 1642 2035 1730 2099; x_wconf 90' lang='lat' dir='ltr'><strong>re,</strong></span> <span class='ocrx_word' id='word_1_174' title='bbox 1775 2015 1916 2097; x_wconf 90' lang='lat' dir='ltr'><strong>sed,</strong></span> <span class='ocrx_word' id='word_1_175' title='bbox 1961 2015 2134 2100; x_wconf 86' lang='lat' dir='ltr'><strong>quod</strong></span> <span class='ocrx_word' id='word_1_176' title='bbox 2180 2035 2313 2080; x_wconf 88' lang='lat' dir='ltr'><strong>ma·</strong></span> <span class='ocrx_word' id='word_1_177' title='bbox 2342 2043 2399 2083; x_wconf 61' lang='grc' dir='ltr'><strong>ιο</strong></span> 
     </span>
    </p>

    <p class='ocr_par' dir='ltr' id='par_1_5' title="bbox 188 2101 2427 2721">
     <span class='ocr_line' id='line_1_22' title="bbox 188 2101 2314 2189; baseline -0.002 -17"><span class='ocrx_word' id='word_1_178' title='bbox 188 2108 270 2172; x_wconf 91' lang='grc'><strong>10</strong></span> <span class='ocrx_word' id='word_1_179' title='bbox 288 2108 537 2172; x_wconf 84' lang='lat' dir='ltr'><strong>ximum</strong></span> <span class='ocrx_word' id='word_1_180' title='bbox 574 2109 694 2189; x_wconf 89' lang='lat' dir='ltr'><strong>est,</strong></span> <span class='ocrx_word' id='word_1_181' title='bbox 739 2103 1146 2187; x_wconf 88' lang='lat' dir='ltr'><strong>temporibus</strong></span> <span class='ocrx_word' id='word_1_182' title='bbox 1184 2103 1437 2167; x_wconf 87' lang='lat' dir='ltr'><strong>errasti.</strong></span> <span class='ocrx_word' id='word_1_183' title='bbox 1518 2102 1666 2188; x_wconf 86' lang='lat' dir='ltr'><strong>Ego</strong></span> <span class='ocrx_word' id='word_1_184' title='bbox 1704 2101 1792 2167; x_wconf 90' lang='lat' dir='ltr'><strong>M.</strong></span> <span class='ocrx_word' id='word_1_185' title='bbox 1828 2101 2086 2187; x_wconf 91' lang='lat' dir='ltr'><strong>Bibulo,</strong></span> <span class='ocrx_word' id='word_1_186' title='bbox 2131 2124 2314 2187; x_wconf 85' lang='lat' dir='ltr'><strong>prae·</strong></span> 
     </span>
     <span class='ocr_line' id='line_1_23' title="bbox 290 2189 2314 2276; baseline -0.002 -17"><span class='ocrx_word' id='word_1_187' title='bbox 290 2194 697 2259; x_wconf 88' lang='lat' dir='ltr'><strong>stantissimo</strong></span> <span class='ocrx_word' id='word_1_188' title='bbox 753 2193 918 2276; x_wconf 80' lang='lat' dir='ltr'><strong>cive,</strong></span> <span class='ocrx_word' id='word_1_189' title='bbox 973 2191 1235 2257; x_wconf 90' lang='lat' dir='ltr'><strong>consule</strong></span> <span class='ocrx_word' id='word_1_190' title='bbox 1289 2191 1457 2255; x_wconf 85' lang='lat' dir='ltr'><strong>nihil</strong></span> <span class='ocrx_word' id='word_1_191' title='bbox 1501 2189 1938 2275; x_wconf 88' lang='lat' dir='ltr'><strong>praetermisi,</strong></span> <span class='ocrx_word' id='word_1_192' title='bbox 1992 2195 2314 2274; x_wconf 90' lang='lat' dir='ltr'><strong>quantum</strong></span> 
     </span>
     <span class='ocr_line' id='line_1_24' title="bbox 289 2277 2311 2366; baseline -0.001 -20"><span class='ocrx_word' id='word_1_193' title='bbox 289 2282 499 2347; x_wconf 89' lang='lat' dir='ltr'><strong>facere</strong></span> <span class='ocrx_word' id='word_1_194' title='bbox 577 2280 863 2366; x_wconf 86' lang='lat' dir='ltr'><strong>enitique</strong></span> <span class='ocrx_word' id='word_1_195' title='bbox 934 2280 1148 2363; x_wconf 89' lang='lat' dir='ltr'><strong>potui,</strong></span> <span class='ocrx_word' id='word_1_196' title='bbox 1221 2279 1381 2363; x_wconf 89' lang='lat' dir='ltr'><strong>quin</strong></span> <span class='ocrx_word' id='word_1_197' title='bbox 1443 2278 1828 2363; x_wconf 89' lang='lat' dir='ltr'><strong>Pompeium</strong></span> <span class='ocrx_word' id='word_1_198' title='bbox 1901 2300 1941 2343; x_wconf 92' lang='lat' dir='ltr'><strong>a</strong></span> <span class='ocrx_word' id='word_1_199' title='bbox 2012 2277 2311 2344; x_wconf 77' lang='lat' dir='ltr'><strong>Caesaris</strong></span> 
     </span>
     <span class='ocr_line' id='line_1_25' title="bbox 291 2365 2309 2452; baseline -0.002 -16"><span class='ocrx_word' id='word_1_200' title='bbox 291 2369 742 2436; x_wconf 88' lang='lat' dir='ltr'><strong>coniunctione</strong></span> <span class='ocrx_word' id='word_1_201' title='bbox 797 2388 1150 2434; x_wconf 74' lang='lat' dir='ltr'><strong>evocarem.</strong></span> <span class='ocrx_word' id='word_1_202' title='bbox 1240 2367 1321 2431; x_wconf 92' lang='lat' dir='ltr'><strong>In</strong></span> <span class='ocrx_word' id='word_1_203' title='bbox 1376 2388 1503 2452; x_wconf 91' lang='lat' dir='ltr'><strong>quo</strong></span> <span class='ocrx_word' id='word_1_204' title='bbox 1560 2365 1799 2433; x_wconf 88' lang='lat' dir='ltr'><strong>Caesar</strong></span> <span class='ocrx_word' id='word_1_205' title='bbox 1855 2366 2111 2432; x_wconf 88' lang='lat' dir='ltr'><strong>felicior</strong></span> <span class='ocrx_word' id='word_1_206' title='bbox 2164 2366 2309 2432; x_wconf 81' lang='lat' dir='ltr'><strong>fuit.</strong></span> 
     </span>
     <span class='ocr_line' id='line_1_26' title="bbox 289 2454 2391 2542; baseline 0.001 -20"><span class='ocrx_word' id='word_1_207' title='bbox 289 2457 440 2542; x_wconf 90' lang='lat' dir='ltr'><strong>Ipse</strong></span> <span class='ocrx_word' id='word_1_208' title='bbox 513 2457 687 2521; x_wconf 91' lang='lat' dir='ltr'><strong>enim</strong></span> <span class='ocrx_word' id='word_1_209' title='bbox 739 2455 1124 2541; x_wconf 90' lang='lat' dir='ltr'><strong>Pompeium</strong></span> <span class='ocrx_word' id='word_1_210' title='bbox 1188 2478 1228 2521; x_wconf 91' lang='lat' dir='ltr'><strong>a</strong></span> <span class='ocrx_word' id='word_1_211' title='bbox 1290 2477 1436 2521; x_wconf 86' lang='lat' dir='ltr'><strong>mea</strong></span> <span class='ocrx_word' id='word_1_212' title='bbox 1497 2454 1947 2521; x_wconf 86' lang='lat' dir='ltr'><strong>familiaritate</strong></span> <span class='ocrx_word' id='word_1_213' title='bbox 2012 2455 2307 2520; x_wconf 85' lang='lat' dir='ltr'><strong>diiunxit.</strong></span> <span class='ocrx_word' id='word_1_214' title='bbox 2337 2482 2391 2525; x_wconf 67' lang='grc' dir='ltr'><strong>ιε</strong></span> 
     </span>
     <span class='ocr_line' id='line_1_27' title="bbox 289 2541 2310 2629; baseline -0.001 -20"><span class='ocrx_word' id='word_1_215' title='bbox 289 2545 530 2611; x_wconf 88' lang='lat' dir='ltr'><strong>Postea</strong></span> <span class='ocrx_word' id='word_1_216' title='bbox 564 2566 716 2610; x_wconf 80' lang='lat' dir='ltr'><strong>vero</strong></span> <span class='ocrx_word' id='word_1_217' title='bbox 757 2566 952 2629; x_wconf 91' lang='lat' dir='ltr'><strong>quam</strong></span> <span class='ocrx_word' id='word_1_218' title='bbox 989 2565 1060 2609; x_wconf 88' lang='lat' dir='ltr'><strong>se</strong></span> <span class='ocrx_word' id='word_1_219' title='bbox 1099 2547 1316 2609; x_wconf 91' lang='lat' dir='ltr'><strong>totum</strong></span> <span class='ocrx_word' id='word_1_220' title='bbox 1345 2543 1695 2628; x_wconf 90' lang='lat' dir='ltr'><strong>Pompeius</strong></span> <span class='ocrx_word' id='word_1_221' title='bbox 1724 2541 1987 2609; x_wconf 82' lang='lat' dir='ltr'><strong>Caesari</strong></span> <span class='ocrx_word' id='word_1_222' title='bbox 2023 2543 2310 2627; x_wconf 85' lang='lat' dir='ltr'><strong>tradidit,</strong></span> 
     </span>
     <span class='ocr_line' id='line_1_28' title="bbox 290 2629 2427 2721; baseline -0.001 -22"><span class='ocrx_word' id='word_1_223' title='bbox 290 2634 446 2720; x_wconf 90' lang='lat' dir='ltr'><strong>quid</strong></span> <span class='ocrx_word' id='word_1_224' title='bbox 518 2655 640 2721; x_wconf 87' lang='lat' dir='ltr'><strong>ego</strong></span> <span class='ocrx_word' id='word_1_225' title='bbox 707 2632 896 2697; x_wconf 92' lang='lat' dir='ltr'><strong>illum</strong></span> <span class='ocrx_word' id='word_1_226' title='bbox 959 2633 1041 2696; x_wconf 85' lang='lat' dir='ltr'><strong>ab</strong></span> <span class='ocrx_word' id='word_1_227' title='bbox 1108 2653 1184 2697; x_wconf 89' lang='lat' dir='ltr'><strong>eo</strong></span> <span class='ocrx_word' id='word_1_228' title='bbox 1254 2632 1616 2697; x_wconf 88' lang='lat' dir='ltr'><strong>distrahere</strong></span> <span class='ocrx_word' id='word_1_229' title='bbox 1680 2631 1994 2697; x_wconf 79' lang='lat' dir='ltr'><strong>conarer?</strong></span> <span class='ocrx_word' id='word_1_230' title='bbox 2104 2629 2309 2697; x_wconf 86' lang='lat' dir='ltr'><strong>Stulti</strong></span> <span class='ocrx_word' id='word_1_231' title='bbox 2421 2661 2427 2667; x_wconf 93' lang='lat'>·</span> 
     </span>
    </p>

    <p class='ocr_par' dir='ltr' id='par_1_6' title="bbox 202 2719 2383 3599">
     <span class='ocr_line' id='line_1_29' title="bbox 202 2719 2311 2807; baseline 0 -23"><span class='ocrx_word' id='word_1_232' title='bbox 202 2736 272 2784; x_wconf 80' lang='lat'><strong>24</strong></span> <span class='ocrx_word' id='word_1_233' title='bbox 291 2728 432 2789; x_wconf 90' lang='lat' dir='ltr'><strong>erat</strong></span> <span class='ocrx_word' id='word_1_234' title='bbox 469 2742 746 2807; x_wconf 87' lang='lat' dir='ltr'><strong>sperare,</strong></span> <span class='ocrx_word' id='word_1_235' title='bbox 783 2720 1050 2785; x_wconf 87' lang='lat' dir='ltr'><strong>suadere</strong></span> <span class='ocrx_word' id='word_1_236' title='bbox 1087 2719 1501 2804; x_wconf 89' lang='lat' dir='ltr'><strong>impudentis.</strong></span> <span class='ocrx_word' id='word_1_237' title='bbox 1566 2719 1714 2785; x_wconf 93' lang='lat' dir='ltr'><strong>Duo</strong></span> <span class='ocrx_word' id='word_1_238' title='bbox 1753 2724 1975 2785; x_wconf 90' lang='lat' dir='ltr'><strong>tamen</strong></span> <span class='ocrx_word' id='word_1_239' title='bbox 2012 2723 2311 2804; x_wconf 88' lang='lat' dir='ltr'><strong>tempora</strong></span> 
     </span>
     <span class='ocr_line' id='line_1_30' title="bbox 288 2806 2306 2895; baseline -0.001 -18"><span class='ocrx_word' id='word_1_240' title='bbox 288 2812 683 2895; x_wconf 87' lang='lat' dir='ltr'><strong>inciderunt,</strong></span> <span class='ocrx_word' id='word_1_241' title='bbox 737 2809 972 2893; x_wconf 90' lang='lat' dir='ltr'><strong>quibus</strong></span> <span class='ocrx_word' id='word_1_242' title='bbox 1029 2808 1272 2891; x_wconf 89' lang='lat' dir='ltr'><strong>aliquid</strong></span> <span class='ocrx_word' id='word_1_243' title='bbox 1330 2812 1559 2873; x_wconf 86' lang='lat' dir='ltr'><strong>contra</strong></span> <span class='ocrx_word' id='word_1_244' title='bbox 1604 2807 1948 2874; x_wconf 86' lang='lat' dir='ltr'><strong>Caesarem</strong></span> <span class='ocrx_word' id='word_1_245' title='bbox 1992 2806 2306 2893; x_wconf 83' lang='lat' dir='ltr'><strong>Pompeio</strong></span> 
     </span>
     <span class='ocr_line' id='line_1_31' title="bbox 289 2897 2383 2981; baseline 0 -16"><span class='ocrx_word' id='word_1_246' title='bbox 289 2899 622 2966; x_wconf 87' lang='lat' dir='ltr'><strong>suaserim.</strong></span> <span class='ocrx_word' id='word_1_247' title='bbox 711 2897 813 2962; x_wconf 85' lang='lat' dir='ltr'><strong>Ea</strong></span> <span class='ocrx_word' id='word_1_248' title='bbox 856 2897 1053 2962; x_wconf 81' lang='lat' dir='ltr'><strong>velim</strong></span> <span class='ocrx_word' id='word_1_249' title='bbox 1097 2897 1558 2980; x_wconf 88' lang='lat' dir='ltr'><strong>reprehendas,</strong></span> <span class='ocrx_word' id='word_1_250' title='bbox 1603 2897 1661 2962; x_wconf 94' lang='lat' dir='ltr'><strong>si</strong></span> <span class='ocrx_word' id='word_1_251' title='bbox 1704 2901 1915 2981; x_wconf 74' lang='lat' dir='ltr'><strong>poteS,</strong></span> <span class='ocrx_word' id='word_1_252' title='bbox 1958 2919 2180 2981; x_wconf 90' lang='lat' dir='ltr'><strong>unum,</strong></span> <span class='ocrx_word' id='word_1_253' title='bbox 2224 2918 2303 2963; x_wconf 89' lang='lat' dir='ltr'><strong>ne</strong></span> <span class='ocrx_word' id='word_1_254' title='bbox 2330 2924 2383 2965; x_wconf 75' lang='grc' dir='ltr'>ω</span> 
     </span>
     <span class='ocr_line' id='line_1_32' title="bbox 289 2983 2306 3072; baseline -0.002 -19"><span class='ocrx_word' id='word_1_255' title='bbox 289 2986 712 3072; x_wconf 87' lang='lat' dir='ltr'><strong>quinquennii</strong></span> <span class='ocrx_word' id='word_1_256' title='bbox 748 2985 1095 3070; x_wconf 84' lang='lat' dir='ltr'><strong>imperium</strong></span> <span class='ocrx_word' id='word_1_257' title='bbox 1131 2983 1394 3051; x_wconf 89' lang='lat' dir='ltr'><strong>Caesari</strong></span> <span class='ocrx_word' id='word_1_258' title='bbox 1429 2988 1834 3071; x_wconf 89' lang='lat' dir='ltr'><strong>prorogaret,</strong></span> <span class='ocrx_word' id='word_1_259' title='bbox 1884 2984 2182 3068; x_wconf 89' lang='lat' dir='ltr'><strong>alterum,</strong></span> <span class='ocrx_word' id='word_1_260' title='bbox 2226 3007 2306 3050; x_wconf 92' lang='lat' dir='ltr'><strong>ne</strong></span> 
     </span>
     <span class='ocr_line' id='line_1_33' title="bbox 286 3072 2306 3161; baseline -0.001 -20"><span class='ocrx_word' id='word_1_261' title='bbox 286 3079 623 3161; x_wconf 85' lang='lat' dir='ltr'><strong>pateretur</strong></span> <span class='ocrx_word' id='word_1_262' title='bbox 702 3074 885 3158; x_wconf 86' lang='lat' dir='ltr'><strong>ferri,</strong></span> <span class='ocrx_word' id='word_1_263' title='bbox 964 3076 1041 3137; x_wconf 88' lang='lat' dir='ltr'><strong>ut</strong></span> <span class='ocrx_word' id='word_1_264' title='bbox 1122 3073 1413 3138; x_wconf 88' lang='lat' dir='ltr'><strong>absentis</strong></span> <span class='ocrx_word' id='word_1_265' title='bbox 1485 3072 1625 3138; x_wconf 88' lang='lat' dir='ltr'><strong>eius</strong></span> <span class='ocrx_word' id='word_1_266' title='bbox 1698 3073 1868 3138; x_wconf 89' lang='lat' dir='ltr'><strong>ratio</strong></span> <span class='ocrx_word' id='word_1_267' title='bbox 1940 3072 2306 3138; x_wconf 88' lang='lat' dir='ltr'><strong>haberetur.</strong></span> 
     </span>
     <span class='ocr_line' id='line_1_34' title="bbox 290 3160 2306 3246; baseline -0 -18"><span class='ocrx_word' id='word_1_268' title='bbox 290 3164 582 3241; x_wconf 87' lang='lat' dir='ltr'><strong>Quorum</strong></span> <span class='ocrx_word' id='word_1_269' title='bbox 650 3163 708 3228; x_wconf 91' lang='lat' dir='ltr'><strong>si</strong></span> <span class='ocrx_word' id='word_1_270' title='bbox 768 3161 1092 3227; x_wconf 78' lang='lat' dir='ltr'><strong>utrumvis</strong></span> <span class='ocrx_word' id='word_1_271' title='bbox 1147 3161 1644 3246; x_wconf 85' lang='lat' dir='ltr'><strong>persuasissem,</strong></span> <span class='ocrx_word' id='word_1_272' title='bbox 1707 3161 1778 3227; x_wconf 89' lang='lat' dir='ltr'><strong>in</strong></span> <span class='ocrx_word' id='word_1_273' title='bbox 1835 3161 1956 3225; x_wconf 84' lang='lat' dir='ltr'><strong>has</strong></span> <span class='ocrx_word' id='word_1_274' title='bbox 2012 3160 2306 3227; x_wconf 85' lang='lat' dir='ltr'><strong>miserias</strong></span> 
     </span>
     <span class='ocr_line' id='line_1_35' title="bbox 284 3248 2305 3336; baseline -0.002 -19"><span class='ocrx_word' id='word_1_275' title='bbox 284 3273 642 3336; x_wconf 90' lang='lat' dir='ltr'><strong>numquam</strong></span> <span class='ocrx_word' id='word_1_276' title='bbox 696 3250 1162 3315; x_wconf 89' lang='lat' dir='ltr'><strong>incidissemus.</strong></span> <span class='ocrx_word' id='word_1_277' title='bbox 1261 3248 1483 3333; x_wconf 90' lang='lat' dir='ltr'><strong>Atque</strong></span> <span class='ocrx_word' id='word_1_278' title='bbox 1537 3250 1709 3314; x_wconf 89' lang='lat' dir='ltr'><strong>idem</strong></span> <span class='ocrx_word' id='word_1_279' title='bbox 1768 3272 1801 3315; x_wconf 90' lang='lat' dir='ltr'><strong>e</strong></span> <span class='ocrx_word' id='word_1_280' title='bbox 1852 3270 1919 3333; x_wconf 89' lang='lat'><strong>0,</strong></span> <span class='ocrx_word' id='word_1_281' title='bbox 1974 3271 2123 3314; x_wconf 87' lang='lat' dir='ltr'><strong>cum</strong></span> <span class='ocrx_word' id='word_1_282' title='bbox 2174 3248 2305 3315; x_wconf 91' lang='lat' dir='ltr'><strong>iam</strong></span> 
     </span>
     <span class='ocr_line' id='line_1_36' title="bbox 289 3336 2377 3423; baseline 0 -19"><span class='ocrx_word' id='word_1_283' title='bbox 289 3360 444 3423; x_wconf 89' lang='lat' dir='ltr'><strong>opes</strong></span> <span class='ocrx_word' id='word_1_284' title='bbox 500 3338 712 3404; x_wconf 88' lang='lat' dir='ltr'><strong>omnis</strong></span> <span class='ocrx_word' id='word_1_285' title='bbox 767 3342 834 3402; x_wconf 91' lang='lat' dir='ltr'><strong>et</strong></span> <span class='ocrx_word' id='word_1_286' title='bbox 890 3358 1040 3402; x_wconf 88' lang='lat' dir='ltr'><strong>suas</strong></span> <span class='ocrx_word' id='word_1_287' title='bbox 1095 3341 1163 3401; x_wconf 89' lang='lat' dir='ltr'><strong>et</strong></span> <span class='ocrx_word' id='word_1_288' title='bbox 1215 3337 1445 3420; x_wconf 86' lang='lat' dir='ltr'><strong>populi</strong></span> <span class='ocrx_word' id='word_1_289' title='bbox 1497 3336 1779 3402; x_wconf 87' lang='lat' dir='ltr'><strong>Romani</strong></span> <span class='ocrx_word' id='word_1_290' title='bbox 1880 3337 2174 3421; x_wconf 90' lang='lat' dir='ltr'><strong>ompeius</strong></span> <span class='ocrx_word' id='word_1_291' title='bbox 2229 3338 2304 3402; x_wconf 86' lang='lat' dir='ltr'><strong>ad</strong></span> <span class='ocrx_word' id='word_1_292' title='bbox 2327 3364 2377 3406; x_wconf 68' lang='grc' dir='ltr'>ω</span> 
     </span>
     <span class='ocr_line' id='line_1_37' title="bbox 289 3425 2305 3511; baseline -0 -19"><span class='ocrx_word' id='word_1_293' title='bbox 289 3426 635 3493; x_wconf 83' lang='lat' dir='ltr'><strong>Caesarem</strong></span> <span class='ocrx_word' id='word_1_294' title='bbox 680 3425 1021 3491; x_wconf 87' lang='lat' dir='ltr'><strong>detulisset</strong></span> <span class='ocrx_word' id='word_1_295' title='bbox 1059 3445 1330 3507; x_wconf 86' lang='lat' dir='ltr'><strong>seroque</strong></span> <span class='ocrx_word' id='word_1_296' title='bbox 1369 3446 1446 3488; x_wconf 89' lang='lat' dir='ltr'><strong>ea</strong></span> <span class='ocrx_word' id='word_1_297' title='bbox 1482 3426 1723 3491; x_wconf 89' lang='lat' dir='ltr'><strong>sentire</strong></span> <span class='ocrx_word' id='word_1_298' title='bbox 1760 3426 2101 3511; x_wconf 85' lang='lat' dir='ltr'><strong>coepisset,</strong></span> <span class='ocrx_word' id='word_1_299' title='bbox 2146 3446 2305 3510; x_wconf 87' lang='lat' dir='ltr'><strong>quae</strong></span> 
     </span>
     <span class='ocr_line' id='line_1_38' title="bbox 289 3511 2305 3599; baseline 0.001 -22"><span class='ocrx_word' id='word_1_300' title='bbox 289 3533 410 3597; x_wconf 86' lang='lat' dir='ltr'><strong>ego</strong></span> <span class='ocrx_word' id='word_1_301' title='bbox 459 3514 668 3577; x_wconf 89' lang='lat' dir='ltr'><strong>multo</strong></span> <span class='ocrx_word' id='word_1_302' title='bbox 715 3516 866 3578; x_wconf 89' lang='lat' dir='ltr'><strong>ante</strong></span> <span class='ocrx_word' id='word_1_303' title='bbox 911 3511 1340 3596; x_wconf 78' lang='lat' dir='ltr'><strong>provideram,</strong></span> <span class='ocrx_word' id='word_1_304' title='bbox 1384 3512 1736 3599; x_wconf 90' lang='lat' dir='ltr'><strong>inferrique</strong></span> <span class='ocrx_word' id='word_1_305' title='bbox 1774 3514 2028 3598; x_wconf 88' lang='lat' dir='ltr'><strong>patriae</strong></span> <span class='ocrx_word' id='word_1_306' title='bbox 2064 3514 2305 3579; x_wconf 91' lang='lat' dir='ltr'><strong>bellum</strong></span> 
     </span>
    </p>
   </div>
  </div>
 </body>
</html>
