2550 3875
277 174 411 238 422
547 173 626 228 m
661 174 736 232 M.
773 136 1170 229 ANTONiUM
1208 173 1478 229 oaArm
1517 171 1930 229 PmLffPmA
1965 172 2062 227 111.

281 337 427 420 illo,
482 336 595 419 qui
649 336 817 400 male
867 336 1051 419 dicit,
1107 335 1469 419 impurior?
1560 334 2060 421 Ignobilitatem
2108 335 2324 400 obicit

282 424 351 491 C.
410 423 705 489 Caesaris
769 424 934 508 filio,
1000 423 1181 488 cuius
1238 425 1438 488 etiam
1492 429 1731 488 natura
1784 428 1999 508 pater,
2063 424 2121 488 si
2176 423 2322 487 vita

282 513 789 596 suppeditasset,
862 512 1088 577 consul
1160 511 1376 576 factus
1450 516 1641 576 esset.
1752 512 2022 577 Aricina
2086 515 2317 576 mater.

280 600 681 665 Trallianam
728 604 843 664 aut
882 599 1239 684 Ephesiam
1277 604 1470 684 putes
1509 599 1738 665 dicere.
1820 599 2077 684 Videte,
2116 610 2317 684 quam

282 687 715 772 despiciamur
776 709 1030 772 omnes,
1094 688 1207 772 qui
1264 709 1486 752 sumus
1543 710 1577 752 e
1633 687 2031 773 municipiis,
2088 687 2157 752 id
2212 693 2319 752 est
2375 708 2404 748 5

282 799 507 841 omnes
552 777 771 862 plane3
817 781 1059 860 quotus
1105 777 1277 841 enim
1326 777 1599 861 quisque
1644 781 1947 841 nostrum
1990 798 2124 842 non
2167 777 2317 840 est‘?

284 865 472 942 Quod
528 870 745 929 autem
800 865 1228 948 municipium
1282 886 1416 929 non
1471 865 1833 930 contemnit
1877 865 1962 948 is,
2010 865 2121 950 qui
2169 864 2317 929 Ari-

282 954 500 1019 cinum
556 957 742 1017 tanto
801 975 993 1036 opere
1050 953 1329 1036 despicit
1383 957 1713 1018 vetustate
1762 952 2316 1036 antiquissimum,

279 1043 419 1106 iure
456 1041 879 1124 foederatum,
924 1041 1417 1125 propinquitate
1454 1063 1659 1125 paene
1695 1041 2067 1125 finitimum,
2105 1041 2318 1124 splen·

198 1152 261 1200 16
282 1131 437 1195 dore
474 1129 875 1213 municipum
902 1128 1485 1194 honestissimum?
1556 1129 1731 1194 Hinc
1768 1128 2121 1214 Voconiae,
2157 1129 2313 1194 hinc
2344 1150 2396 1189 10

280 1218 545 1283 Atiniae
601 1218 806 1304 leges,
859 1217 1013 1281 hinc
1069 1217 1315 1281 multae
1371 1218 1569 1281 sellae
1627 1218 1882 1283 curules
1939 1221 2006 1281 et
2048 1221 2315 1301 patrum

280 1307 597 1372 memoria
660 1311 728 1371 et
782 1309 1037 1388 nostra,
1098 1305 1252 1369 hinc
1309 1305 1562 1389 equites
1617 1305 1900 1370 Romani
1955 1304 2314 1370 lautissimi

280 1400 349 1460 et
391 1395 674 1478 plurimi.
760 1392 903 1475 Sed,
951 1394 1007 1456 si
1045 1394 1382 1457 Aricinam
1428 1415 1698 1458 uxorem
1733 1416 1867 1458 non
1901 1394 2161 1478 probas,
2198 1415 2316 1459 cur

279 1484 521 1568 probas
566 1481 1046 1547 Tusculanam?
1140 1481 1551 1566 Quamquam
1604 1482 1800 1546 huius
1857 1483 2313 1547 sanctissimae

279 1571 560 1636 feminae
626 1573 819 1653 atque
885 1568 1170 1653 optimae
1234 1573 1450 1654 pater,
1510 1570 1596 1634 M.
1651 1571 1848 1634 Atius
1904 1570 2180 1654 Balbus,
2243 1571 2314 1635 in
2341 1589 2394 1629 1⁵

281 1659 512 1743 primis
558 1659 893 1741 honestuS,
938 1657 1307 1741 praetorius
1345 1657 1502 1743 fuit3
1548 1663 1699 1723 tuae
1738 1657 2055 1744 coniugis,
2101 1659 2313 1723 bonae

281 1747 586 1829 feminae,
649 1744 996 1829 locupletis
1063 1746 1324 1830 quidem
1390 1751 1590 1830 certe,
1643 1746 1987 1811 Bambalio
2046 1747 2315 1830 quidam

281 1838 493 1920 pater,
552 1835 750 1899 homo
814 1834 995 1898 nullo
1049 1856 1340 1899 numer0.
1439 1798 1626 1899 Nihil
1681 1835 1795 1899 illo
1853 1836 2314 1919 contemptiuS,

284 1925 394 2009 qui
449 1927 717 2008 propter
761 1922 1227 1989 haesitantiam
1274 1923 1537 2009 linguae
1586 1926 2049 2008 stuporemque
2099 1922 2312 1989 cordis

284 2034 647 2098 cognomen
711 2034 789 2076 ex
844 2010 1241 2076 contumelia
1296 2012 1589 2076 traxerit.
1688 2013 1783 2076 At
1839 2034 1996 2077 avus
2051 2012 2313 2077 nobilis.
2341 2032 2398 2071 20

282 2100 643 2165 Tuditanus
706 2123 939 2184 nempe
1002 2100 1141 2184 1110,
1215 2098 1329 2184 qui
1394 2122 1541 2165 cum
1603 2100 1780 2183 palla
1844 2104 1911 2164 et
1975 2100 2313 2165 cothurnis

281 2211 585 2253 nummos
636 2189 881 2272 populo
929 2190 1006 2253 de
1052 2189 1288 2253 rostris
1335 2208 1642 2273 spargere
1689 2188 1964 2253 solebat.
2056 2188 2314 2253 Vellem

281 2277 449 2341 hanc
515 2275 1068 2359 contemptionem
1131 2276 1441 2376 pecuniae
1499 2275 1634 2340 suis
1689 2276 2091 2360 reliquisset!
2183 2276 2312 2341 Ha

200 2377 262 2424 17
284 2364 457 2429 betis
492 2363 910 2429 nobilitatem
939 2365 1195 2449 generis
1226 2362 1599 2449 gloriosam.
1675 2363 1803 2440 Qui
1831 2369 2051 2429 autem
2079 2365 2314 2449 evenit,

284 2458 358 2518 ut
396 2450 521 2516 tibi
556 2452 605 2537 †
640 2451 811 2515 Iulia
846 2456 1041 2516 natus
1078 2451 1391 2538 ignobilis
1429 2452 1744 2536 videatur,
1783 2475 1930 2517 cum
1972 2457 2048 2516 tu
2085 2454 2312 2517 eodem
2339 2472 2392 2512 25

285 2544 582 2605 materno
631 2553 867 2625 genere
914 2541 1127 2605 801008
1174 2540 1489 2625 gloriari?
1574 2540 1752 2617 Quae
1790 2562 1987 2624 porro
2028 2541 2315 2605 amentia

284 2633 388 2694 est
442 2650 590 2693 eum
637 2629 849 2693 dicere
894 2629 1143 2713 aliquid
1189 2629 1266 2692 de
1313 2650 1591 2693 uxorum
1634 2628 2081 2714 ignobilitate,
2127 2628 2312 2694 cuius

283 2721 473 2802 pater
517 2716 959 2781 Numitoriam
1005 2716 1481 2801 Fregellanam,
1534 2717 1890 2800 proditoris
1935 2717 2159 2800 filiam,
2202 2716 2316 2781 ha—

283 2805 504 2870 buerit
540 2827 828 2889 uxorem,
864 2806 1002 2888 ipse
1040 2826 1119 2868 ex
1156 2805 1446 2869 libertini
1474 2804 1612 2869 filia
1640 2806 1999 2889 susceperit
2025 2805 2316 2870 liberos?

288 2892 414 2959 Sed
475 2894 601 2958 hoc
668 2856 1013 2958 clarissimi
1076 2892 1201 2955 viri
1264 2893 1573 2977 viderint,
1636 2892 1709 2959 L.
1769 2893 2143 2978 Philippus,
2203 2892 2315 2977 qui
2342 2920 2392 2959 30

284 2982 486 3046 habet
540 2980 876 3048 Aricinam
929 3001 1227 3063 uxorem,
1283 2979 1352 3045 C.
1408 2980 1783 3065 Marcellus,
1840 2980 1952 3065 qui
2007 2980 2314 3046 Aricinae

287 3069 520 3153 filiam3
586 3090 749 3153 quos
814 3072 992 3133 certo
1059 3067 1194 3132 scio
1261 3068 1606 3170 dignitatis
1671 3069 2071 3153 optimarum
2132 3068 2317 3133 femi·

228 3168 264 3228 7
286 3179 518 3221 narum
546 3178 677 3222 non
704 3157 1053 3241 paenitere.
1109 3156 1294 3220 Idem
1322 3156 1521 3221 etiam
1549 3155 1622 3233 Q.
1653 3155 2049 3240 Ciceronem,
2085 3156 2314 3222 fratris

288 3245 416 3309 mei
471 3244 707 3327 filium,
763 3244 1115 3328 compellat
1170 3244 1383 3309 edicto
1440 3266 1559 3309 nec
1615 3246 1818 3309 sentit
1875 3266 2096 3310 amens
2145 3266 2316 3311 com-

285 3332 769 3396 mendationem
824 3354 965 3397 esse
1021 3332 1566 3415 conpellationem
1622 3354 1824 3398 8110111.
1927 3332 2097 3410 Quid
2141 3333 2314 3398 enim
2341 3359 2391 3399 ³5

288 3419 576 3483 accidere
602 3419 756 3484 huic
786 3420 1186 3484 adulescenti
1212 3420 1432 3501 potuit
1462 3418 1754 3503 optatius
1784 3443 1982 3505 quam
2007 3420 2315 3507 cognosci

290 3505 372 3571 ab
412 3506 715 3570 omnibus
758 3506 1055 3572 Caesaris
1104 3507 1524 3571 consiliorum
1571 3529 1711 3573 esse
1751 3510 2018 3585 socium,
2065 3509 2316 3575 Antoni
