2550 3875
882 171 1036 226 CAP.
1076 179 1288 228 12-14
1323 179 1355 240 ς
1394 179 1518 230 31-
1534 179 1620 230 35.
1959 217 1964 222 -
2150 175 2276 240 127

242 337 357 396 aut
402 333 621 397 infidis
670 337 785 397 aut
828 334 1187 419 incognitis
1233 337 1349 399 aut
1387 339 1563 400 certe
1597 335 1993 400 immanibus
2031 339 2102 400 et
2136 336 2280 402 bar-

240 420 422 485 baris
486 425 555 485 et
616 421 949 487 bellicosis
1014 423 1432 507 tenebantur3
1496 444 1657 507 quas
1720 424 2024 488 nationes
2084 445 2277 489 nemo

240 530 555 592 umquam
608 508 737 573 fuit
793 510 953 594 quin
996 509 1215 595 frangi
1261 511 1640 594 domarique
1688 515 1970 594 cuperet.
2061 510 2276 577 Nemo

242 597 573 681 sapienter
626 597 704 660 de
758 619 829 662 re
882 597 1148 681 publica
1199 602 1430 663 nostra
1485 599 1808 683 cogitavit
1860 599 1993 664 iam
2043 600 2194 664 inde
2240 623 2280 664 a

187 701 215 742 5
241 685 563 768 principio
610 685 805 750 huius
852 686 1138 770 imperii,
1184 686 1346 771 quin
1391 685 1676 752 Galliam
1719 688 2001 752 maxime
2049 687 2278 752 timen-

243 773 393 837 dam
427 773 582 837 huic
618 773 895 858 imperio
931 777 1224 858 putaret3
1260 775 1374 838 sed
1409 777 1681 858 propter
1714 775 1850 840 vim
1878 797 1955 840 ac
1982 776 2278 841 multitu-

242 861 461 926 dinem
498 861 795 946 gentium
830 861 1095 926 illarum
1130 880 1491 946 numquam
1527 867 1630 928 est
1667 867 1862 927 antea
1894 885 2044 928 cum
2073 864 2276 929 omni-

241 951 366 1014 bus
441 949 851 1033 dimicatum3
914 950 1282 1023 restitimus
1353 971 1609 1034 semper
1679 951 1988 1017 lacessiti.
2083 951 2277 1017 Nunc

146 1108 159 1120 ⁸
243 1037 519 1120 denique
567 1031 668 1102 est
713 1037 1094 1122 perfectum,
1139 1042 1217 1103 ut
1260 1039 1523 1123 imperii
1562 1039 1780 1107 nostri
1825 1044 2274 1123 terrarumque

162 1147 217 1186 ιο
243 1125 504 1190 illarum
533 1125 707 1190 idem
735 1130 909 1190 esset
938 1130 1318 1190 extremum.
1355 1126 1638 1210 Alpibus
1666 1125 1933 1192 Italiam
1952 1128 2276 1192 munierat
2294 1094 2384 1234 ἐξ

244 1218 439 1278 antea
487 1217 727 1277 natura
780 1236 915 1278 non
968 1214 1107 1278 sine
1162 1214 1382 1298 aliquo
1439 1215 1657 1279 divino
1709 1215 1992 1280 numine.
2084 1215 2276 1300 Nam,

243 1303 302 1367 si
381 1302 493 1365 ille
567 1302 783 1366 aditus
859 1300 1198 1366 Gallorum
1269 1302 1668 1367 immanitati
1740 1303 2275 1386 multitudinique

242 1390 591 1474 patuisset,
640 1409 998 1473 numquam
1041 1391 1202 1455 haec
1247 1391 1406 1454 urbs
1453 1412 1708 1455 summo
1753 1391 2028 1474 imperio
2075 1391 2276 1456 domi-

243 1478 467 1542 cilium
504 1499 580 1542 ac
616 1478 837 1542 sedem
869 1478 1297 1562 praebuisset.
1355 1478 1535 1554 Quae
1570 1478 1706 1544 iam
1730 1479 1888 1544 licet
1917 1479 2276 1544 considant.

164 1587 215 1627 15
242 1565 431 1630 Nihil
472 1570 573 1631 est
611 1565 785 1630 enim
822 1567 999 1630 ultra
1034 1566 1219 1630 illam
1254 1567 1671 1633 altitudinem
1709 1568 2034 1632 montium
2067 1589 2275 1651 usque

243 1655 325 1718 ad
376 1653 734 1738 Oceanum,
790 1654 963 1738 quod
1016 1654 1107 1719 sit
1158 1653 1394 1719 Italiae
1448 1655 2055 1738 pertimescendum.
2150 1653 2276 1736 Sed

243 1746 466 1806 tamen
518 1764 649 1806 una
704 1747 901 1826 atque
958 1742 1167 1806 altera
1220 1748 1436 1807 aestas
1486 1744 1590 1808 vel
1637 1748 1818 1809 metu
1863 1743 1965 1807 vel
2011 1764 2125 1827 spe
2172 1744 2276 1808 vel

241 1851 455 1913 poena
496 1829 600 1895 vel
644 1830 953 1913 praemiis
990 1830 1094 1894 vel
1133 1831 1332 1895 armis
1370 1831 1473 1895 vel
1508 1831 1768 1915 legibus
1803 1835 2028 1916 potest
2063 1835 2278 1896 totam

246 1916 529 1983 Galliam
590 1918 1007 2003 sempiternis
1072 1919 1348 1985 vinculis
1404 1919 1829 2005 adstringere.
1926 1918 2276 2004 Impolitae

164 2030 217 2069 20
242 2026 397 2072 vero
444 2028 551 2071 res
596 2009 664 2070 et
712 2008 984 2072 acerbae
1030 2008 1086 2071 si
1133 2012 1324 2071 erunt
1361 2009 1646 2091 relictae,
1692 2030 2087 2091 quamquam
2124 2012 2278 2071 sunt

244 2094 511 2179 accisae,
553 2098 775 2160 tamen
810 2094 1079 2159 efferent
1116 2116 1184 2159 se
1223 2096 1572 2179 aliquando
1612 2099 1680 2159 et
1717 2096 1798 2160 ad
1833 2095 2278 2159 renovandum

242 2183 489 2248 bellum
524 2183 955 2248 revirescent.
1039 2183 1252 2259 Quare
1310 2184 1398 2247 sit
1451 2183 1524 2247 in
1578 2184 1716 2247 eius
1774 2183 1985 2247 tutela
2041 2180 2274 2265 Gallia,
2295 2194 2366 2243 35

245 2272 427 2335 cuius
477 2270 648 2354 fidei,
692 2270 945 2354 virtuti,
989 2270 1294 2335 felicitati
1333 2272 1784 2335 commendata
1831 2275 1950 2335 est.
2045 2271 2173 2347 Qui
2217 2272 2277 2336 si

242 2358 573 2423 Fortunae
619 2359 999 2424 muneribus
1046 2359 1466 2443 amplissimis
1515 2364 1784 2423 ornatus
1831 2359 2090 2442 saepius
2138 2360 2276 2424 eius

162 2469 214 2511 25
242 2447 399 2512 deae
447 2447 807 2530 periculum
849 2446 1055 2511 facere
1088 2447 1316 2530 nollet,
1361 2447 1420 2511 si
1455 2447 1526 2512 in
1560 2447 1864 2531 patriam,
1909 2446 1966 2511 si
2003 2448 2085 2513 ad
2122 2447 2277 2511 deos

240 2535 524 2620 penatis,
579 2536 637 2599 si
684 2536 765 2599 ad
812 2556 956 2599 eam
1002 2535 1420 2620 dignitatem,
1477 2556 1674 2619 quam
1717 2536 1790 2599 in
1834 2535 2103 2599 civitate
2149 2536 2278 2601 sibi

240 2627 681 2776 {5533}ss
703 2624 1039 2797 {2¹32}ss
1076 2623 1748 2795 issdssssemffl‘ssssssssffr‘ssss,
1764 2622 2279 2794 Ῑέῗθῖἕεὸέἐῑὲᾛ

241 2800 405 2864 lium
454 2800 673 2864 invehi
717 2799 931 2864 victor
976 2821 1125 2865 cum
1169 2799 1288 2863 illa
1331 2799 1577 2884 insigni
1620 2799 1814 2863 laude
1859 2799 2164 2884 gestiret,
2221 2799 2280 2861 si

158 2912 215 2953 ao
242 2887 518 2970 denique
557 2887 821 2953 timeret
859 2909 1083 2951 casum
1119 2887 1421 2970 aliquem,
1459 2887 1572 2971 qui
1609 2887 1711 2951 illi
1747 2891 2009 2951 tantum
2045 2886 2278 2949 addere

241 2975 374 3041 iam
409 2997 544 3039 non
578 2978 1177 3060 potest,·quantum
1214 2974 1486 3058 auferre,
1519 2996 1643 3039 nos
1681 2979 1906 3039 tamen
1943 2976 2278 3056 oporteret

241 3064 324 3127 ab
380 3063 607 3128 eodem
661 3063 778 3127 illa
833 3063 1071 3147 omnia,
1121 3085 1161 3127 a
1215 3084 1345 3146 quo
1400 3062 1756 3148 profligata
1810 3064 1988 3143 sunt,
2045 3060 2278 3125 confici

240 3151 423 3216 velle.
524 3150 690 3216 Cum
758 3172 911 3216 vero
967 3150 1080 3214 ille
1136 3172 1292 3214 suae
1347 3150 1596 3235 gloriae
1652 3151 1787 3215 iam
1839 3148 2119 3232 pridem,
2184 3150 2280 3212 rei

239 3240 540 3391 ffiblicae
592 3240 882 3391 nongm
926 3238 1091 3389 sati?
1135 3238 1367 3389 segerit
1413 3242 1480 3302 et
1525 3238 1714 3339 malit
1760 3241 1986 3301 tamen
2029 3236 2278 3300 tardius

156 3350 211 3392 ³5
378 3349 647 3392 suorum
727 3348 766 3391 a
813 3348 1001 3391 orum
1082 3348 1197 3390 ruc
1230 3347 1310 3390 us
1411 3347 1701 3390 ervemre
1800 3345 1954 3388 uam
1997 3345 2132 3388 non
2178 3346 2281 3387 ex-

238 3415 418 3499 plere
466 3419 841 3498 susceptum
888 3414 984 3479 rei
1018 3414 1320 3497 publicae
1357 3348 1612 3498 rlnunuffi
1654 3345 1800 3477 ned1
1811 3412 2280 3495 imperatorem

236 3502 578 3569 incensum
632 3502 713 3567 ad
768 3524 909 3567 rem
959 3502 1296 3586 publicam
1349 3502 1514 3566 bene
1569 3501 1925 3585 gerendam
1975 3520 2278 3563 revocare
