2550 3875
819 185 973 242 cAP.
1016 193 1154 241 1-3
1191 193 1222 254 ς
1263 195 1418 244 1-7.
2012 191 2149 255 489

62 380 69 422 ;
112 347 237 412 1111
297 352 362 412 et
425 348 667 432 magni,
730 349 842 432 qui
906 349 1158 433 primus
1223 349 1295 414 in
1362 371 1505 414 eam
1571 349 1917 433 familiam,
1982 374 2149 434 quae

63 441 338 520 ·‚postea
408 436 568 500 viris
641 435 1025 501 fortissimis
1099 437 1351 520 floruit,
1418 438 1646 503 attulit
1718 441 2149 523 consulatum,

64 527 395 600 2statuam
452 523 746 590 videmus
799 525 872 589 in
924 525 1178 590 rostris.
1271 524 1483 590 Nemo
1540 531 1684 590 tum
1726 528 2009 592 novitati
2054 529 2149 592 in·

63 613 398 695 gvidebat,
452 634 645 676 nemo
701 612 1011 677 virtutem
1066 635 1202 678 non
1253 614 1640 679 honorabat.
1739 616 1834 679 At
1888 637 1965 680 ea
2020 615 2148 680 fuit

63 741 84 768 .--
107 700 352 785 legatio
400 699 660 783 Octavi,
705 701 774 764 in
822 723 952 802 qua
995 701 1268 784 periculi
1317 703 1605 785 suspicio
1652 724 1782 768 non
1830 705 2147 768 subesset.

63 787 176 868 ,N
181 810 283 851 am
347 809 497 853 cum
563 792 738 853 esset
793 790 1034 854 missus
1091 811 1130 852 a
1184 793 1417 853 senatu
1474 791 1555 854 ad
1610 791 1863 855 animos
1918 813 2143 877 regum

63 922 73 957 ,
108 875 592 960 perspiciendos
638 876 1123 960 liberorumque
1170 879 1565 978 populorum
1602 879 2027 963 maximeque,
2071 884 2148 944 ut

62 967 414 1050 ,nepotem
486 964 661 1050 regis
725 964 1068 1046 Antiochi,
1145 966 1313 1050 eius,
1388 966 1500 1050 qui
1574 987 1722 1031 cum
1789 968 2147 1032 maioribus

63 1098 67 1136 ÷
105 1051 352 1116 nostris
383 1052 629 1117 bellum
656 1057 970 1138 gesserat,
1007 1053 1238 1118 classis
1265 1054 1523 1137 habere,
1562 1055 1945 1138 elephantos
1976 1055 2146 1120 alere

63 1177 82 1227 ²»
107 1139 505 1223 prohiberet,
548 1139 910 1206 Laudiceae
957 1140 1022 1205 in
1071 1142 1415 1226 gymnasio
1464 1163 1503 1206 a
1549 1143 1832 1226 quodam
1869 1142 2146 1225 Leptine

63 1231 216 1317 ,est
285 1227 686 1294 interfectus,
797 1228 1079 1294 Reddita
1151 1234 1252 1294 est
1326 1229 1386 1294 ei
1458 1234 1599 1294 tum
1676 1252 1715 1295 a
1786 1231 2145 1295 maioribus
2166 1235 2203 1284 5

63 1319 328 1406 :statua
390 1337 512 1400 pro
578 1317 742 1400 vita,
806 1338 972 1400 quae
1037 1318 1282 1382 multos
1336 1339 1454 1401 per
1510 1339 1713 1384 annos
1767 1319 2148 1403 progeniem

62 1404 245 1494 1eius
301 1404 708 1488 honestaret,
774 1427 946 1470 nunc
1001 1407 1084 1470 ad
1139 1409 1364 1470 tantae
1419 1405 1708 1470 familiae
1763 1407 2145 1471 memoriam

63 1493 252 1559 ‚sola
313 1496 537 1557 restat.
637 1493 847 1576 Atqui
910 1497 979 1558 et
1040 1493 1196 1558 huic
1259 1498 1329 1558 et
1391 1492 1582 1560 Tullo
1647 1492 1880 1560 Cluvio
1942 1498 2009 1559 et
2072 1494 2146 1558 L.

62 1572 69 1672 2
103 1579 351 1645 Roscio
400 1585 468 1645 et
515 1579 622 1664 Sp.
672 1581 876 1646 Antio
922 1585 992 1646 et
1036 1580 1107 1648 C.
1152 1580 1475 1664 Fulcinio,
1526 1582 1639 1666 qui
1686 1604 1725 1647 a
1770 1581 2145 1648 Veientium

63 1722 69 1745 ζ
97 1689 258 1753 rege
297 1669 470 1734 caesi
503 1672 682 1750 sunt,
717 1691 852 1734 non
879 1671 1167 1755 sanguis,
1205 1670 1319 1752 qui
1347 1674 1450 1733 est
1482 1669 1790 1754 profusus
1818 1671 1886 1734 in
1915 1676 2146 1751 morte,

63 1750 219 1821 'sed
283 1756 429 1840 ipsa
493 1777 669 1821 mors
735 1759 820 1822 ob
887 1779 1025 1822 rem
1085 1758 1417 1842 publicam
1473 1758 1657 1822 obita
1711 1758 1944 1824 honori
2000 1759 2144 1823 fuit.

63 1900 65 1917 .
93 1845 356 1927 Itaque,
392 1849 617 1928 patres
657 1845 1029 1929 conscripti,
1068 1846 1125 1910 si
1157 1844 1292 1910 Ser.
1325 1845 1616 1930 Sulpicio
1648 1867 1837 1911 casus
1866 1850 2146 1911 mortem
2167 1849 2214 1912 3

93 1933 458 2018 attulisset,
497 1934 785 1999 dolerem
825 1933 1124 2018 equidem
1163 1939 1351 2000 tanto
1389 1934 1485 1999 rei
1523 1935 1822 2018 publicae
1860 1935 2144 2018 vulnere,

92 2026 388 2087 mortem
432 2044 588 2087 vero
634 2023 775 2087 eius
819 2045 954 2087 non
999 2024 1431 2107 monimento,
1492 2024 1604 2087 sed
1652 2024 1835 2087 luctu
1880 2024 2143 2106 publico

92 2132 244 2175 esse
311 2111 671 2176 ornandam
725 2115 1042 2194 putarem.
1141 2110 1337 2175 Nunc
1389 2114 1609 2175 autem
1666 2112 1811 2196 quis
1867 2112 2144 2193 dubitat,

90 2198 261 2282 quin
317 2199 380 2262 ei
431 2199 640 2263 vitam
697 2199 1045 2263 abstulerit
1099 2199 1246 2283 ipsa
1302 2199 1594 2284 legatio?
1687 2198 1920 2264 Secum
1970 2200 2144 2264 3111111

87 2287 214 2351 1113
269 2291 554 2351 mortem
611 2288 877 2370 extulit,
933 2309 1155 2371 quam,
1211 2287 1269 2351 si
1313 2288 1659 2352 nobiscum
1703 2288 2145 2372 remansisset,

88 2395 218 2439 sua
265 2396 439 2456 cura,
477 2374 712 2459 optimi
748 2375 869 2438 filii
897 2375 1445 2459 fidelissimaeque
1473 2376 1771 2462 coniugis
1800 2377 2145 2462 diligentia

86 2463 310 2527 vitare
347 2462 691 2545 potuisset.
765 2463 860 2528 At
897 2463 1008 2527 ille
1047 2485 1195 2528 cum
1230 2463 1500 2549 videret,
1537 2464 1593 2528 si
1631 2469 1885 2529 vestrae
1925 2468 2142 2529 aucto·
2162 2476 2199 2523 6

83 2549 286 2615 ritati
339 2571 475 2614 non
529 2550 883 2634 paruisset,
938 2551 1324 2616 dissimilem
1379 2574 1447 2617 se
1502 2551 1801 2617 futurum
1856 2553 1984 2635 sui,
2040 2552 2140 2616 sin

80 2637 457 2724 paruisset,
507 2660 740 2704 munus
790 2639 918 2703 sibi
962 2639 1124 2703 illud
1171 2662 1292 2723 pro
1340 2661 1409 2704 re
1454 2640 1719 2723 publica
1764 2644 2142 2724 susceptum

79 2728 272 2793 vitae
327 2726 525 2790 finem
571 2726 744 2811 fore,
801 2728 1036 2791 maluit
1079 2727 1150 2790 in
1196 2728 1482 2817 maximo
1528 2728 1623 2793 rei
1669 2728 1970 2811 publicae
2018 2726 2142 2791 dis-

80 2814 370 2881 crimine
437 2816 643 2880 emori
710 2837 906 2899 quam
961 2815 1205 2898 minus,
1271 2838 1467 2917 quam
1521 2816 1873 2900 potuisset,
1936 2814 2141 2880 videri

79 2904 188 2968 rei
237 2903 542 2986 publicae
580 2904 924 2988 profuisse.
998 2903 1230 2968 Multis
1267 2903 1424 2967 illi
1405 2927 1474 2968 m
1510 2904 1803 2987 urbibus,
1848 2904 1977 2966 iter
2015 2924 2147 2987 qua

77 2990 402 3074 faciebat,
449 2992 782 3057 reficiendi
820 3014 888 3056 se
928 2996 996 3056 et
1033 2992 1301 3056 curandi
1336 2996 1635 3076 potestas
1672 2992 1819 3056 fuit.
1894 2990 2148 3055 Aderat

73 3085 152 3147 et
223 3079 569 3164 hospitum
631 3080 939 3144 invitatio
994 3080 1289 3145 liberalis
1344 3101 1464 3163 pro
1522 3079 1845 3165 dignitate
1902 3078 2140 3143 summi

71 3168 213 3234 viri
274 3170 344 3231 et
400 3190 627 3233 eorum
680 3167 1002 3251 hortatio,
1057 3168 1170 3253 qui
1224 3190 1357 3232 una
1411 3172 1600 3232 erant
1647 3167 1861 3248 missi,
1921 3167 2002 3231 ad
2046 3188 2145 3231 re-

72 3256 562 3340 quiescendum
609 3259 676 3319 et
721 3256 896 3320 vitae
943 3276 1097 3321 suae
1146 3256 1632 3322 consulendum.
1717 3256 1810 3320 At
1845 3218 1957 3319 'ille
1995 3276 2142 3338 pro-

69 3364 351 3429 perans,
396 3342 737 3426 festinans,
785 3344 1096 3407 mandata
1137 3348 1359 3409 vestra
1405 3343 1719 3410 conficere
1769 3344 2035 3428 cupiens
2073 3343 2142 3407 in

69 3434 214 3497 hac
267 3430 646 3495 constantia
692 3432 925 3496 morbo
972 3432 1354 3497 adversante
1399 3433 1858 3516 perseveravit
1942 3430 2141 3497 Cuius
2164 3444 2195 3493 7

68 3541 240 3586 cum
283 3518 570 3583 adventu
607 3519 888 3583 maxime
922 3520 1349 3603 perturbatus
1380 3523 1553 3585 esset
1582 3520 1931 3605 AntoniuS,
1970 3521 2144 3605 quod
