2550 3875
778 168 935 226 GAP.
973 177 1184 226 21—23
1221 176 1252 237 g
1288 177 1518 228 se-cs.
2016 170 2146 236 303

115 352 309 397 servo
357 332 582 415 quaeri
625 330 1002 416 noluerunt,
1053 354 1187 398 non
1233 334 1393 417 quin
1435 337 1660 417 posset
1705 354 1931 398 verum
1974 332 2147 397 inve-

111 420 276 503 niri,
347 419 462 485 sed
536 420 690 504 quia
761 420 1106 486 videbatur
1167 421 1509 507 indignum
1575 442 1714 487 esse
1778 425 1847 486 et
1900 419 2146 487 domini

48 558 50 583 ἰ
113 511 332 573 morte
378 507 524 593 ipsa
560 508 849 593 tristius3
891 508 962 573 in
997 530 1182 573 reum
1217 508 1297 574 de
1334 530 1521 574 servo
1561 508 1960 575 accusatoris
2000 530 2147 575 cum

48 646 50 655 .
115 596 484 681 quaeritur,
546 618 772 662 verum
835 596 1114 661 inveniri
1166 597 1435 682 potest?
1532 596 1677 684 Age
1733 619 1915 681 vero,
1980 619 2144 681 quae
2165 606 2235 657 60

48 711 74 752 ⁶
115 688 266 750 erat
328 688 443 751 aut
508 684 721 769 qualis
785 685 1128 769 quaestio?
1238 684 1444 750 ‘Heus
1508 689 1609 770 tu,
1679 684 1897 752 Rufio'
1962 685 2147 750 verbi

48 828 50 833 .
112 794 344 858 causa,
399 773 576 839 ‘cave
623 773 718 839 sis
765 772 1103 839 mentiare.
1193 771 1463 841 Clodius
1508 773 1778 841 insidias
1824 774 1981 840 fecit
2026 772 2147 838 Mi-

46 858 48 865 ’
46 861 322 926 .loni‘?'
414 859 664 927 ‘Fecit'
755 859 952 927 Certa
1006 882 1179 927 crux.
1270 860 1528 927 ‘Nullas
1581 862 1779 928 fecit?
1873 860 2149 946 Sperata

46 946 411 1015 libertas.
509 948 679 1025 Quid
741 948 866 1015 hac
922 950 1301 1033 quaestione
1358 950 1645 1016 certius‘?
1747 949 1981 1016 Subito
2038 950 2147 1016 ab-

46 1036 48 1113 [
111 1037 292 1122 repti
343 1036 415 1101 in
468 1036 918 1139 quaestionem
972 1042 1196 1103 tamen
1248 1042 1635 1139 separantur
1694 1060 1733 1102 a
1788 1038 2021 1104 ceteris
2078 1043 2147 1103 et

53 1153 84 1193 ο
113 1126 192 1189 ιιι
237 1146 420 1190 arcas
468 1124 896 1209 coniciuntur,
939 1147 1023 1193 ne
1070 1125 1214 1209 quis
1263 1148 1412 1192 cum
1456 1126 1539 1191 iis
1588 1126 1873 1210 colloqui
1912 1127 2253 1210 possit..

44 1212 212 1281 Hi
273 1217 541 1279 centum
585 1212 724 1279 dies
769 1234 968 1297 penes
1015 1218 1464 1280 accusatorem
1510 1236 1657 1279 cum
1702 1214 2007 1299 fuissent,
2061 1214 2143 1278 ab

44 1362 48 1371 ,
119 1323 206 1366 eo
266 1301 413 1386 ipso
481 1306 858 1367 accusatore
921 1302 1224 1403 producti
1289 1306 1462 1367 sunt.
1553 1302 1722 1379 Quid
1775 1302 1899 1367 hac
1956 1324 2145 1387 quae·

44 1396 48 1487 'k
117 1390 335 1456 stione
382 1390 512 1455 dici
555 1393 778 1474 potest
821 1389 1162 1476 integrius,
1209 1391 1366 1474 quid
1410 1390 1895 1476 incorruptius?
2164 1440 2249 1505 23

41 1542 46 1553 ,
257 1477 508 1554 Quodsi
559 1477 848 1542 nondum
903 1478 1065 1543 satis
1121 1479 1415 1564 cernitis,
1481 1501 1628 1544 cum
1682 1501 1786 1545 res
1840 1480 1985 1563 ipsa
2039 1482 2195 1579 tot6

41 1572 85 1633 [5
119 1570 262 1631 tam
319 1565 513 1631 claris
569 1566 973 1652 argumentis
1030 1566 1365 1652 signisque
1419 1568 1661 1651 luceat,
1716 1589 1880 1652 pura
1926 1530 2230 1632 mente61

117 1658 319 1738 atque
374 1653 637 1739 integra
680 1652 994 1720 Milonem
1037 1654 1220 1721 nullo
1267 1655 1510 1721 scelere
1555 1656 1908 1739 imbutum,
1960 1655 2142 1720 nullo

43 1810 45 1813 Α
117 1747 304 1807 metu
357 1741 806 1826 perterritum,
859 1743 1041 1808 nulla
1087 1744 1486 1810 conscientia
1531 1744 1972 1809 exanimatum
2017 1742 2145 1809 Ro-

117 1851 298 1895 mam
361 1830 735 1914 revertisse,
798 1830 1255 1916 recordamini,
1318 1852 1435 1933 per
1498 1832 1653 1897 deos
1708 1831 2142 1897 immortales!

40 1987 44 1998 ,
117 1941 287 2004 quae
347 1918 547 1984 fuerit
608 1918 908 1984 celeritas
971 1920 1218 1987 reditus
1284 1920 1450 2005 eius,
1516 1920 1629 2004 qui
1682 1920 2016 2007 ingressus
2075 1919 2146 1984 in

40 2017 86 2075 '20
114 2009 338 2073 forum
411 2007 675 2074 ardente
750 2008 955 2092 curia,
1030 2030 1194 2092 quae
1271 2008 1654 2095 magnitudo
1731 2010 1959 2093 animi,
2031 2008 2144 2091 qui

113 2096 368 2180 vultus,
435 2118 600 2180 quae
656 2097 887 2162 oratio.
988 2095 1218 2180 Neque
1276 2119 1432 2162 vero
1488 2119 1558 2162 se
1610 2098 1855 2182 populo
1912 2097 2144 2180 solum,

117 2185 236 2250 sed
273 2184 473 2248 etiam
520 2184 776 2250 senatui
823 2185 1170 2270 commisit,
1214 2207 1424 2269 neque
1472 2186 1728 2251 senatui
1773 2185 1985 2269 mod0,
2030 2147 2146 2250 sed

117 2272 324 2337 etiam
368 2273 651 2356 publicis
697 2273 1038 2356 praesidiis
1086 2276 1153 2337 et
1200 2273 1419 2358 armis,
1463 2294 1671 2358 neque
1716 2273 1821 2339 his
1866 2276 2144 2356 tantum,

116 2382 348 2426 verum
403 2360 602 2426 etiam
655 2361 794 2426 eius
849 2361 1196 2444 potestati,
1261 2362 1368 2426 cui
1422 2366 1687 2427 senatus
1741 2365 1953 2426 totam
2006 2383 2144 2426 rem

39 2474 84 2516 ιι»
115 2448 482 2534 publicam,
537 2469 796 2514 omnem
841 2448 1075 2514 Italiae
1128 2451 1398 2534 pubem,
1455 2453 1687 2516 cuncta
1739 2449 1967 2533 populi
2016 2449 2145 2514 Ro-

117 2536 301 2602 mani
347 2558 526 2602 arma
573 2537 1014 2621 commiserat;
1059 2537 1164 2603 cui
1203 2559 1560 2622 numquam
1598 2559 1667 2602 se
1702 2537 1812 2602 hic
1847 2536 2143 2620 profecto

117 2625 526 2710 tradidisset,
597 2625 726 2690 nisi
796 2647 1026 2690 causae
1090 2647 1244 2691 suae
1312 2626 1688 2709 confideret,
1759 2625 2146 2708 praesertim

120 2713 345 2779 omnia
407 2676 721 2797 audienti,
784 2734 1026 2800 magna
1087 2714 1432 2797 metuenti,
1495 2714 1706 2778 multa
1768 2713 2146 2812 suspicanti,

119 2823 263 2867 non
337 2801 520 2866 nulla
602 2801 904 2866 credenti.
1021 2801 1264 2886 Magna
1344 2803 1444 2866 vis
1516 2805 1620 2867 est
1690 2799 2145 2882 conscientiae,

39 2915 92 2957 ιο
123 2889 402 2973 iudices,
474 2893 542 2954 et
609 2910 847 2976 magna
904 2891 975 2955 in
1037 2894 1383 2973 utramque
1445 2894 1727 2974 partem,
1797 2891 1875 2954 ut
1936 2908 2145 2971 neque

119 2977 430 3062 timeant,
494 2977 606 3061 qui
668 2978 834 3042 nihil
901 2977 1377 3061 commiserint,
1439 2981 1507 3042 et
1557 2997 1837 3061 poenam
1892 2996 2150 3059 semper

120 3069 280 3131 ante
353 3065 575 3131 oculos
639 3066 886 3130 versari
949 3070 1212 3150 putent,
1286 3065 1400 3149 qui
1461 3065 1808 3149 peccarint.
1917 3062 2145 3147 Neque
2167 3077 2235 3127 62

119 3174 280 3220 vero
327 3153 465 3218 sine
511 3154 766 3218 ratione
805 3157 985 3219 certa
1019 3174 1216 3221 causa
1249 3152 1515 3218 Milonis
1554 3173 1809 3235 semper
1846 3173 1885 3215 a
1920 3155 2150 3216 senatu

119 3241 405 3327 probata
459 3246 576 3308 est.
657 3241 990 3307 Videbant
1045 3242 1273 3322 [enim]
1332 3239 1798 3324 sapientissimi
1852 3241 2149 3306 homines

39 3355 90 3400 ιε
120 3330 288 3396 facti
351 3330 674 3395 rationem
687 3379 706 3414 ,
766 3329 1204 3413 praesentiam
1263 3328 1493 3412 animi,
1558 3328 1950 3394 defensionis
2006 3351 2152 3394 con-

123 3417 459 3484 stantiam.
557 3418 666 3484 An
718 3438 873 3483 vero
929 3416 1120 3482 obliti
1170 3416 1361 3500 estiS,
1414 3415 1686 3501 iudices,
1739 3417 1980 3482 recenti
2036 3416 2151 3483 illo

119 3506 361 3572 nuntio
405 3505 585 3572 necis
622 3505 974 3573 Clodianae
1018 3527 1153 3571 non
1196 3504 1390 3570 modo
1436 3505 1850 3571 inimicorum
1886 3505 2152 3571 Milonis
