2550 3875
304 163 436 226 140
685 161 829 217 PRO
867 163 928 217 L.
966 161 1334 218 CORNELIO
1370 161 1610 216 BALBO
1650 161 1940 218 ORATIO.

302 327 498 408 atque
535 324 735 408 labes,
779 324 1015 389 virtuti
1051 323 1360 408 invidere,
1404 324 1572 389 velle
1608 324 1828 408 ipsum
1862 324 2092 388 florem
2129 323 2337 410 digni-

216 424 280 472 16
301 412 461 477 tatis
517 411 891 499 infringere.
979 412 1275 495 Etenim,
1331 411 1391 476 si
1439 411 1793 496 Pompeius
1841 411 2081 478 abhinc
2127 434 2334 478 annos

300 500 696 586 quingentos
736 499 989 584 fuisset,
1020 501 1093 565 is
1129 501 1248 584 vir,
1296 521 1336 564 a
1373 521 1501 584 quo
1541 504 1808 565 senatus
1847 501 2334 566 adulescentulo

299 592 497 672 atque
544 589 763 673 equite
809 588 1108 653 Romano
1158 610 1349 672 saepe
1397 589 1726 654 communi
1772 589 1972 653 saluti
2018 589 2336 654 auxilium

298 676 674 762 expetisset,
725 676 908 742 0111118
954 698 1059 741 108
1105 680 1333 763 gestae
1380 677 1592 741 omnis
1639 680 1872 763 gentes
1918 699 2067 742 cum
2113 676 2334 742 claris·
2387 694 2415 735 ⁵

299 765 469 829 sima
521 765 801 830 victoria
854 769 1032 829 terra
1080 764 1377 849 marique
1421 768 1911 851 peragrassent,
1967 765 2151 830 0111118
2197 763 2362 830 tres'

299 853 619 937 triumphi
672 856 878 918 testes
929 858 1150 918 essent
1195 857 1416 918 totum
1460 853 1688 919 orbem
1732 856 2058 919 terrarum
2101 857 2334 919 nostro

295 944 1089 1118 ἣξζῖἳῃῗέἓωὲἓξέἒ
1114 939 2335 1114 Ῑὲέξῗιὲἓεξῖῗῗῗῖιὶῗὲἔὲἕῖἒὲῗὲ,

297 1118 472 1201 quod
516 1117 575 1183 is
621 1118 908 1203 fecisset,
953 1120 1184 1183 contra
1227 1115 1459 1183 foedus
1503 1116 1755 1183 factum
1795 1118 2137 1203 diceretur,
2183 1118 2332 1202 quis
2362 1135 2415 1175 ιο

297 1205 597 1272 audiret?
680 1204 894 1270 Nemo
930 1204 1249 1290 profecto.
1332 1203 1515 1270 Mors
1551 1205 1727 1270 enim
1766 1228 1916 1272 cum
1945 1205 2336 1271 extinxisset

296 1293 639 1379 invidiam,
696 1314 803 1359 res
859 1292 999 1358 eius
1054 1297 1281 1379 gestae
1337 1294 1722 1378 sempiterni
1775 1294 2062 1359 nominis
2120 1295 2336 1380 gloria

294 1383 682 1447 niterentur.
796 1380 999 1448 Cuius
1070 1381 1282 1466 igitur
1352 1382 1577 1447 audita
1645 1382 1858 1448 virtus
1934 1381 2336 1448 dubitationi

296 1471 516 1536 locum
560 1491 695 1535 non
734 1469 939 1554 daret,
983 1469 1179 1534 huius
1215 1471 1356 1535 visa
1391 1474 1588 1554 atque
1625 1473 1972 1554 perspecta
2009 1474 2334 1555 optrecta-

298 1563 520 1624 torum
564 1579 723 1624 voce
768 1557 1111 1622 laedatur?
2363 1575 2416 1618 ιε

318 1707 327 1718 ,
435 1644 761 1711 Omittam
804 1645 1012 1731 igitur
1047 1645 1436 1748 Pompeium
1480 1646 1616 1710 iam
1663 1645 1961 1712 oratione
2007 1667 2155 1711 mea
2187 1647 2336 1711 reli-

246 1711 277 1760 7
300 1756 455 1818 qua,
520 1734 635 1798 sed
686 1754 833 1818 vos,
894 1733 1169 1820 iudices,
1225 1734 1460 1799 animis
1518 1756 1594 1800 ac
1647 1735 1965 1801 memoria
2020 1738 2335 1801 tenetote.

296 1820 397 1888 De
442 1822 607 1907 lege,
652 1822 731 1886 de
776 1821 1053 1906 foedere,
1098 1822 1177 1887 de
1214 1822 1549 1907 exemplis,
1594 1822 1673 1887 de
1713 1826 2033 1908 perpetua
2068 1844 2336 1889 consue-

297 1910 521 1975 tudine
569 1909 857 1975 civitatis
902 1914 1169 1976 nostrae
1214 1911 1544 1977 renovabo
1592 1932 1685 1997 ea,
1733 1932 1897 1996 quae
1949 1911 2126 1977 dicta
2161 1915 2333 1977 sunt.

296 1998 486 2065 Nihil
534 1999 708 2063 enim
754 1998 919 2064 mihi
959 1999 1132 2084 novi,
1175 2000 1346 2065 nihil
1381 2000 1628 2085 integri
1662 2021 1874 2085 neque
1911 1998 1999 2065 M.
2038 2000 2334 2085 Crassus,
2361 2019 2416 2059 20

300 2088 412 2173 qui
472 2091 686 2152 totam
743 2105 1008 2153 causam
1063 2091 1131 2151 et
1183 2109 1322 2171 pro
1361 2086 1680 2153 facultate
1735 2092 1804 2153 et
1857 2110 1978 2173 pro
2033 2089 2161 2154 fide
2217 2110 2338 2155 sua

298 2174 803 2261 diligentissime
857 2176 1046 2241 vobis
1105 2176 1486 2260 explicavit,
1538 2197 1750 2260 neque
1802 2174 1918 2242 Gn.
1963 2176 2336 2262 Pompeius,

298 2263 484 2329 0111118
532 2264 745 2328 oratio
794 2263 1098 2329 omnibus
1146 2265 1548 2329 ornamentis
1585 2263 1959 2349 abundavit,
2006 2265 2088 2329 ad
2123 2264 2337 2331 dicen-

298 2352 455 2416 dum
526 2352 813 2436 reliquit.
932 2350 1061 2417 Sed
1134 2352 1443 2436 quoniam
1510 2374 1615 2417 me
1679 2356 2021 2419 recusante
2082 2352 2336 2438 placuit

300 2440 620 2505 ambobus
669 2440 965 2505 adhiberi
1008 2439 1183 2505 hunc
1229 2462 1269 2504 a
1314 2461 1417 2505 me
1466 2441 1654 2524 quasi
1694 2440 2102 2527 perpoliendi
2140 2450 2334 2525 quen·
2363 2459 2416 2501 25

297 2528 449 2592 dam
474 2544 479 2549 ·
500 2528 715 2612 operis
762 2532 1126 2593 extremum
1170 2528 1493 2613 laborem,
1544 2532 1702 2614 peto
1749 2552 1790 2593 a
1834 2529 2049 2613 vobis,
2102 2532 2182 2593 ut
2227 2550 2334 2594 me

300 2615 503 2681 officii
574 2617 795 2701 potius
871 2638 1067 2700 quam
1135 2616 1388 2682 dicendi
1455 2616 1673 2681 studio
1735 2617 1905 2682 hanc
1970 2617 2334 2701 suscepisse

213 2717 279 2767 18
300 2726 567 2789 operam
613 2726 690 2770 ae
734 2725 971 2769 munus
1016 2704 1286 2789 putetis.
1376 2703 1502 2787 Ae,
1555 2705 1941 2790 priusquam
1992 2705 2337 2791 adgrediar

298 2792 381 2857 ad
426 2792 529 2857 ius
577 2813 968 2893 causamque
1016 2791 1297 2877 Corneli,
1344 2792 1653 2877 quiddam
1697 2794 1775 2859 de
1819 2793 2151 2858 communi
2187 2814 2335 2859 con-

298 2880 551 2946 dicione
624 2881 917 2945 omnium
975 2884 1279 2945 nostrum
1343 2880 1782 2965 deprecandae
1847 2881 2332 2947 malivolentiae
2359 2902 2417 2943 ao

299 2990 499 3034 causa
571 2969 860 3034 breviter
934 2970 1576 3035 commemorandum
1642 2970 1919 3035 videtur.
2031 2967 2129 3053 S1,
2203 2990 2334 3053 quo

299 3057 575 3141 quisque
627 3057 776 3122 loco
824 3060 1129 3122 nostrum
1174 3061 1303 3140 est,
1356 3057 1631 3143 iudices,
1683 3061 1907 3143 natus,
1963 3061 2079 3122 aut
2124 3056 2209 3140 si,
2263 3057 2338 3122 in

301 3165 431 3227 qua
464 3143 734 3209 fortuna
768 3148 874 3209 est
908 3144 1216 3210 nascendi
1252 3144 1445 3210 initio
1484 3145 1908 3229 constitutus,
1948 3144 2124 3211 hunc
2158 3144 2335 3209 vitae

68 3296 74 3303 ,
196 3314 199 3317 ἦ
300 3235 551 3298 statum
603 3254 811 3317 usque
867 3232 949 3296 ad
1002 3235 1409 3298 senectutem
1465 3233 1762 3317 optinere
1813 3234 2108 3318 deberet,
2160 3236 2231 3299 et
2275 3232 2337 3298 81

300 3340 544 3404 01111108,
585 3341 747 3403 quos
782 3323 897 3384 aut
924 3318 1192 3384 fortuna
1220 3320 1459 3385 extulit
1486 3322 1648 3385 aut
1629 3342 1925 3405 ipsorum
1951 3321 2336 3387 inlustravit
2363 3344 2418 3386 85

298 3405 489 3471 labor
524 3411 594 3472 et
628 3407 970 3490 industria,
1004 3428 1217 3490 poena
1253 3411 1474 3472 essent
1512 3409 1874 3494 adficiendi,
1906 3430 2042 3473 non
2070 3408 2338 3495 gravior

298 3490 373 3556 L.
429 3491 733 3559 Cornelio
796 3515 989 3605 quam
1046 3493 1273 3558 multis
1330 3495 1489 3560 viris
1544 3496 1738 3562 bonis
1793 3500 1992 3580 atque
2046 3495 2336 3562 fortibus
