2550 3875
771 188 927 242 GAP.
969 193 1174 242 11-19
1213 193 1244 253 5
1279 191 1509 244 «ιο-44.
2011 186 2139 250 179

123 349 298 434 quod
347 347 787 449 supplicium?
876 346 955 412 Id
1009 369 1155 413 mea
1209 347 1563 431 sententia,
1626 349 1799 432 quod
1850 347 2139 413 accidere

120 436 368 503 nemim
402 439 626 520 potest
659 435 790 500 nisi
823 437 1103 520 nocenti,
1150 439 1455 520 suscepta
1488 435 1687 520 frauS,
1722 435 2039 520 impedita
2074 440 2141 500 et

124 546 435 610 oppressa
480 545 691 607 mens,
739 524 1062 589 bonorum
1108 524 1347 606 odium,
1388 527 1550 588 nota
1592 524 1814 588 inusta
1858 527 2142 608 senatus,

125 612 390 678 amissio
439 611 800 698 dignitatis.
889 611 1030 677 Nec
1074 611 1238 677 mihi
1285 574 1395 676 ille
1440 610 1528 676 M.
1574 611 1893 697 Regulus,
1950 633 2143 696 quem
2124 574 2246 662 19

69 717 96 758 ⁵
127 700 700 786 Carthaginienses
727 699 995 765 resectis
1023 699 1355 784 palpebris
1383 699 1771 785 inligatum
1751 723 1822 764 1n
1840 700 2144 765 machina

97 789 455 943 voigiffndo
515 792 965 940 1133313111Ϊ11111ἓ,11
1001 787 1322 940 supplicio
1386 787 1642 940 νέᾶξῖῗτ
1665 787 1970 941 daffectus
2022 809 2142 853 nec

315 899 517 961 arius,
571 898 768 960 quem
969 898 1008 940 a
1061 897 1248 941 serva
1279 897 1321 940 a
1374 897 1413 940 a
1581 897 1618 940 o
1708 897 2029 941 emersum
2073 875 2147 940 in

123 964 674 1030 Minturnensium
737 964 1110 1048 paludibus,
1175 963 1404 1029 Africa
1464 964 1719 1029 devicta
1777 964 1860 1029 ab
1916 965 2144 1029 eodem

125 1053 464 1137 expulsum
531 1056 599 1117 et
659 1051 1052 1138 naufragum
1119 1051 1301 1116 vidit.
1399 1050 1731 1116 Fortunae
1787 1051 1961 1116 enim
2013 1052 2145 1117 ista

41 1156 97 1197 10
123 1141 258 1206 tela
313 1145 494 1224 sunt,
551 1161 686 1204 non
739 1140 992 1225 culpae3
1057 1139 1451 1224 supplicium
1506 1143 1725 1205 autem
1780 1144 1882 1204 est
1934 1161 2145 1224 poena

122 1228 392 1314 peccati.
476 1191 714 1312 Neque
749 1249 904 1292 vero
943 1248 1084 1314 egO,
1132 1227 1188 1292 si
1225 1249 1536 1312 umquam
1572 1227 1761 1292 vobis
1797 1227 1971 1292 mala
2004 1249 2145 1311 pre-

124 1339 332 1400 carer,
391 1316 565 1400 quod
619 1337 812 1400 saepe
867 1315 1019 1400 feci,
1071 1316 1143 1380 in
1196 1336 1325 1400 quo
1381 1315 1448 1380 di
1504 1316 1910 1380 immortales
1965 1337 2143 1380 meas

120 1426 345 1490 preces
382 1404 786 1486 audiverunt,
823 1367 1125 1468 morbum
1163 1407 1278 1468 aut
1315 1406 1597 1469 mortem
1634 1407 1748 1468 aut
1784 1404 2144 1470 cruciatum

123 1513 445 1577 precarer.
536 1491 864 1575 Thyestea
917 1495 1020 1556 est
1072 1491 1205 1555 ista
1259 1491 1620 1557 exsecratio
1674 1496 1908 1577 poetae
1964 1491 2145 1576 vulgi

39 1595 95 1637 15
123 1581 410 1662 animos,
453 1600 586 1644 non
631 1579 1023 1662 sapientium
1067 1580 1417 1664 moventis,
1460 1584 1537 1644 ut
1583 1583 1659 1644 tu
1705 1579 2145 1665 ‘naufragio

123 1667 499 1751 expulsus
545 1667 848 1751 uspiam

770 1754 978 1819 saxis
1024 1753 1231 1820 fixus
1279 1755 1614 1840 asperis,
1662 1753 2145 1820 evisceratus

213 1843 496 1907 Latere
539 1841 966 1928 penderes',

125 1938 204 1998 ut
251 1931 349 1997 ait
392 1931 522 2017 ille,

1007 2017 1225 2084 ‘saxa
1261 2016 1637 2105 s'pargens
1676 2020 1885 2104 tabo,
1932 2019 2145 2084 sanie

1403 2112 1478 2171 et
1514 2107 1893 2193 sanguine
1931 2106 2146 2172 atro?

123 2195 279 2261 Non
322 2194 578 2261 ferrem
608 2195 871 2261 omnino
918 2195 1213 2279 moleste,
1260 2195 1319 2260 si
1363 2195 1461 2259 ita
1506 2195 1875 2279 accidisset3
1919 2196 2033 2260 sed
2077 2195 2146 2261 id
2164 2208 2235 2257 44

122 2288 350 2349 tamen
393 2287 568 2348 esset
610 2284 986 2348 humanum.
1077 2282 1166 2347 M.
1211 2282 1579 2367 Marcellus,
1626 2284 1739 2367 qui
1779 2286 1881 2347 ter
1918 2283 2145 2349 consul

122 2371 252 2437 fuit
299 2393 554 2436 summa
598 2371 869 2454 virtute,
914 2372 1186 2455 pietate,
1233 2371 1445 2457 gloria
1490 2371 1789 2455 militari,
1832 2372 2031 2456 periit
2075 2372 2147 2436 in

123 2459 319 2541 mari3
367 2460 481 2544 qui
525 2463 747 2524 tamen
793 2459 877 2524 ob
923 2458 1237 2524 virtutem
1279 2459 1352 2523 in
1387 2458 1601 2560 gloria
1637 2462 1702 2524 et
1738 2458 1927 2524 laude
1964 2459 2144 2524 vivit.

37 2572 94 2613 25
122 2546 208 2611 In
240 2546 508 2612 fortuna
535 2548 816 2631 quadam
844 2550 947 2611 est
972 2547 1088 2611 illa
1115 2567 1311 2630 mors,
1346 2568 1480 2611 non
1504 2547 1576 2611 in
1600 2568 1813 2631 poena
1838 2548 2143 2631 putanda.

124 2635 306 2712 Quae
361 2639 464 2699 est
514 2634 723 2721 igitur
773 2656 1001 2719 poena,
1059 2636 1232 2719 quod
1283 2634 1701 2720 supplicium,
1758 2655 1922 2718 quae
1970 2656 2143 2719 saxa,

121 2744 289 2807 quae
354 2723 622 2788 cruces?
721 2722 888 2787 Esse
952 2723 1078 2788 duo
1145 2724 1339 2789 duces
1392 2723 1463 2787 in
1514 2722 1867 2808 provinciis
1918 2686 2145 2808 populi

119 2810 420 2895 Romani,
448 2810 689 2875 habere
721 2810 1060 2894 exercitus,
1093 2810 1407 2895 appellari
1424 2810 1883 2911 imperatores;
1907 2811 2145 2875 horum

123 2899 406 2963 alterum
451 2898 545 2963 sic
589 2897 792 2965 fuisse
839 2897 1237 2964 infrenatum
1285 2898 1685 2965 conscientia
1724 2900 2040 2963 scelerum
2077 2901 2144 2961 et

33 2987 449 3055 so‘fraudium
495 3008 786 3071 suarum,
831 2990 909 3051 ut
953 3008 1034 3051 ex
1076 3008 1154 3052 ea
1197 2986 1559 3072 provincia,
1611 3008 1775 3071 quae
1820 2985 2019 3050 fuerit
2064 3006 2144 3049 ex

120 3075 424 3140 omnibus
468 3096 600 3139 una
633 3075 914 3140 maxime
950 3074 1389 3159 triumphaliS,
1430 3075 1682 3140 nullam
1720 3075 1809 3139 sit
1846 3074 1928 3137 ad
1966 3094 2144 3138 sena-

118 3167 265 3228 tum
309 3162 602 3227 litteram
645 3162 912 3227 mittere
957 3184 1172 3227 ausus.
1262 3162 1367 3227 Ex
1412 3183 1543 3246 qua
1576 3161 1913 3248 provincia
1946 3161 2142 3226 modo

117 3251 221 3315 vir
257 3250 438 3315 omni
474 3250 796 3335 dignitate
834 3250 1311 3335 ornatissimus,
1346 3249 1419 3315 L.
1455 3250 1847 3335 Torquatus,
1884 3249 2143 3335 magnis

118 3338 315 3404 rebus
380 3338 587 3423 gestis
654 3360 758 3403 me
821 3337 1140 3403 referente
1204 3338 1287 3402 ab
1344 3342 1575 3403 senatu
1627 3339 1988 3422 imperator
2039 3340 2145 3403 est

33 3452 90 3493 35
118 3426 518 3511 appellatus,
570 3427 739 3491 unde
788 3426 893 3491 his
937 3426 1162 3510 paucis
1211 3426 1399 3491 annis
1446 3424 1560 3491 On.
1607 3424 2017 3510 Dolabellae,
2072 3423 2143 3492 0.

118 3514 450 3599 Curionis,
507 3512 596 3579 M.
649 3512 909 3581 Luculli
961 3513 1361 3580 iustissimos
1418 3512 1791 3599 triumphos
1844 3513 2137 3595 vidimus

1717 3616 1825 3671 12*

37 2101 92 2139 20
