2550 3875
244 139 374 205 194
820 139 901 194 [N
939 139 1001 195 1..
1040 137 1369 194 PISONEM
1407 137 1698 192 ORATIO.

241 301 329 385 ei,
386 323 535 366 cum
588 305 812 364 tantas
867 321 972 364 res
1028 299 1347 386 gessisset
1374 301 1779 400 gereretque
1826 297 2097 398 cotidie,
2145 318 2285 362 11011

243 388 493 455 amicus
549 410 691 453 esse
744 409 880 453 non
932 409 1224 472 possem3
1289 387 1473 452 cuius
1529 407 1655 472 ego
1708 385 2083 470 imperium,
2144 406 2285 450 non

243 476 515 561 Alpium
559 477 832 560 vallum,
887 480 1119 541 contra
1173 497 1516 540 ascensum
1561 474 2282 560 transgressionemque

245 563 615 648 Gallorum,
667 586 802 629 non
854 563 1070 630 Rheni
1123 563 1375 628 fossam
1430 563 1807 663 gurgitibus
1862 562 1995 626 illis
2051 562 2283 626 redun-

243 653 509 717 dantem
583 651 1059 717 Germanorum
1121 651 1618 716 immanissimis
1684 651 1993 736 gentibus
2062 649 2279 715 obicio
2338 673 2366 714 5

151 752 222 802 82
245 744 312 805 et
377 762 665 826 oppon03
726 739 1003 825 perfecit
1063 740 1204 823 ille,
1267 744 1373 824 ut,
1435 739 1495 804 si
1553 743 1811 804 montes
1866 738 2282 822 resedissent,

243 851 466 894 amnes
505 829 932 911 exaruissent,
980 850 1113 893 non
1147 831 1423 893 naturae
1459 827 1805 910 praesidio,
1852 826 1967 891 sed
2001 826 2281 892 victoria

243 939 361 982 sua
397 915 719 1000 rebusque
756 879 963 1002 gestis
1000 916 1267 981 Italiam
1306 916 1630 980 munitam
1663 914 2073 980 haberemus.
2151 911 2282 979 Sed

242 1028 392 1071 cum
428 1027 532 1070 me
569 1009 853 1090 expetat,
898 1005 1151 1106 diligat,
1174 1005 1377 1068 .0111111
1413 1004 1603 1068 1011ᾶο
1640 1002 1931 1089 dignum
1947 1006 2157 1088 putet,
2203 1006 2281 1067 tu

243 1115 345 1158 me
402 1116 442 1158 a
497 1093 629 1158 tuis
685 1092 1052 1158 inimicitiis
1108 1093 1190 1157 ad
1245 1092 1653 1158 simultatem
1706 1092 2043 1157 revocabis
2088 1091 2137 1175 †
2184 1091 2280 1154 sic
2310 1117 2365 1155 ιο

244 1182 376 1246 tuis
425 1181 781 1247 sceleribus
828 1181 924 1246 rei
969 1180 1270 1264 publicae
1315 1180 1679 1265 praeterita
1709 1179 1851 1244 fata
1886 1179 2278 1245 refricabis?

241 1269 288 1355 †
345 1270 534 1347 Quod
599 1270 863 1354 quidem
918 1272 1020 1352 tu,
1084 1269 1196 1352 qui
1249 1269 1417 1334 bene
1468 1289 1699 1333 nosses
1756 1268 2279 1333 coniunctionem

241 1381 454 1423 meam
509 1361 578 1424 et
633 1355 958 1440 Caesaris,
1014 1356 1349 1441 eludebaS,
1406 1379 1555 1422 cum
1604 1378 1645 1422 a
1690 1378 1793 1420 me
1840 1356 2277 1421 trementibus

242 1447 508 1512 0111111110
560 1445 784 1527 labris,
831 1445 946 1509 sed
991 1448 1231 1528 tamen,
1278 1467 1393 1509 cur
1438 1445 1567 1509 tibi
1610 1466 1851 1509 nomen
1892 1467 2029 1509 non
2074 1443 2279 1508 defer-

241 1556 406 1618 rem,
452 1533 849 1618 requirebas.
918 1531 1411 1638 Quamquam,
1429 1533 1603 1616 quod
1650 1533 1732 1596 ad
1776 1555 1881 1597 me
1930 1532 2196 1616 attinet,
2306 1558 2361 1598 15

419 1620 855 1705 Numquam
909 1618 1150 1686 istam
1204 1620 1653 1686 imminuam
1709 1625 1967 1686 01110111
2020 1620 2279 1685 infiti-

1856 1709 2049 1773 and6
2098 1709 2279 1792 tibi,

241 1801 466 1862 tamen
529 1800 632 1861 est
695 1796 859 1862 mihi
924 1797 1490 1875 considerandum,
1546 1800 1863 1880 quantum
1916 1797 2018 1861 illi
2070 1797 2277 1862 tantis

241 1886 338 1953 rei
358 1885 676 1988 ‘publicae
711 1885 998 1971 negotiis
1028 1888 1346 1969 tantoque
1374 1847 1549 1951 bello
1580 1885 1895 1987 impedito
1924 1906 2048 1973 ego
2075 1886 2276 1952 homo

243 1974 680 2040 amicissimus
719 1974 1182 2040 sollicitudinis
1223 1976 1419 2057 atque
1458 1974 1673 2037 oneris
1709 1973 2063 2057 imponam.
2135 1974 2277 2040 Nec
2305 2000 2360 2041 20

244 2064 515 2147 despero
544 2066 786 2146 tamen,
814 2084 1209 2163 quamquam
1235 2062 1510 2147 languet
1535 2062 1837 2127 iuventus
1854 2084 1977 2128 1100
1992 2063 2280 2147 perinde,

244 2154 441 2235 atque
479 2151 777 2234 debebat,
823 2150 888 2215 in
923 2150 1134 2215 laudis
1173 2131 1527 2235 effigloriae
1567 2150 1925 2233 cupiditate
1962 2155 2279 2235 versatur,

241 2239 500 2304 futuros
540 2238 816 2323 aliquos,
853 2239 966 2324 qui
1003 2239 1333 2303 abiectum
1369 2238 1495 2303 1100
1524 2238 1798 2304 cadaver
1826 2240 2277 2304 consularibus

245 2326 476 2429 spoliis
513 2327 758 2391 nudare
795 2348 932 2391 non
964 2326 1198 2411 nolint,
1233 2326 1623 2410 praesertim
1658 2330 1797 2391 tam
1834 2326 2101 2412 afflicto,
2137 2332 2279 2393 tam

241 2415 452 2515 inopi,
497 2418 638 2479 tam
681 2414 962 2499 infirme,
1006 2418 1144 2479 tam
1191 2418 1497 2480 enervato
1544 2436 1676 2498 reo,
1723 2415 1837 2499 qui
1881 2419 1948 2479 te
1995 2416 2091 2480 ita
2136 2437 2278 2517 ges·
2306 2440 2357 2482 25

244 2504 430 2588 seris,
478 2506 554 2567 ut
599 2503 886 2586 timeres,
927 2525 1010 2567 ne
1058 2502 1364 2588 indignus
1411 2503 1725 2568 beneficio
1771 2503 2101 2603 videreris,
2147 2505 2279 2569 nisi

135 2645 226 2708 34
245 2592 413 2675 eius,
459 2613 498 2655 a
545 2612 673 2675 quo
721 2591 960 2656 missus
1009 2613 1182 2675 eras,
1229 2590 1604 2655 simillimus
1651 2591 2035 2657 exstitisses.

155 2735 225 2785 83
378 2679 489 2745 An
532 2700 686 2748 vero
733 2683 810 2743 tu
853 2701 1088 2763 parum
1123 2642 1319 2762 piitas
1356 2679 1789 2763 investigatas
1826 2700 1969 2745 esse
2006 2701 2047 2744 a
2080 2680 2277 2745 nobis

243 2768 428 2833 labes
473 2767 736 2851 imperii
779 2767 880 2831 tui
927 2771 1310 2852 stragesque
1346 2766 1765 2850 provinciae?
1813 2789 1974 2851 quas
2014 2768 2278 2851 quidem

242 2878 366 2921 nos
409 2877 545 2920 non
601 2854 900 2941 vestigiis
948 2856 1295 2920 odorantes
1340 2854 1675 2939 ingressus
1722 2859 1899 2938 tuos,
1954 2856 2068 2920 sed
2114 2857 2277 2921 totis
2306 2882 2359 2922 ao

244 2943 764 3009 volutationibus
816 2942 1108 3026 corporis
1166 2946 1235 3006 et
1290 2943 1615 3008 cubilibus
1660 2944 1987 3027 persecuti
2033 2964 2279 3009 sumus.

244 3031 500 3097 Notata
545 3052 584 3095 a
626 3031 820 3095 nobis
865 3034 1022 3095 sunt
1068 3034 1135 3095 et
1178 3030 1393 3113 prima
1436 3030 1554 3095 illa
1590 3032 1835 3097 scelera
1867 3032 1939 3095 in
1976 3032 2277 3117 adventu,

247 3142 397 3185 cum
441 3122 712 3202 accepta
744 3118 1022 3202 pecunia
1059 3140 1098 3181 a
1134 3117 1565 3201 Dyrrachinis
1609 3120 1693 3185 ob
1728 3141 1955 3185 necem
1991 3120 2276 3203 hospitis

247 3208 345 3272 tui
382 3206 672 3271 Platoris
729 3205 868 3270 eius
913 3206 1120 3289 ipsius
1145 3205 1434 3271 'domum
1481 3208 1849 3291 devertisti,
1905 3208 2087 3273 cuius
2135 3229 2279 3273 san-

247 3294 512 3379 guinem
550 3293 907 3377 addixeras,
945 3314 1220 3378 eumque
1257 3295 1462 3359 servis
1500 3296 1985 3380 symphoniacis
2022 3300 2091 3361 et
2129 3296 2275 3361 aliis
2304 3320 2359 3363 3⁵

249 3382 626 3446 muneribus
687 3381 972 3465 acceptis
1021 3381 1363 3447 timentem
1408 3383 1818 3468 multumque
1865 3384 2278 3449 dubitantem

247 3469 653 3533 confirmasti
709 3473 777 3534 et
820 3468 1355 3535 Thessalonicam
1408 3470 1533 3534 fide
1580 3476 1697 3535 tua
1740 3472 1959 3537 venire
2004 3472 2278 3537 iussisti.
