2550 3875
823 183 976 241 cAP.
1019 192 1226 242 15—17
1265 194 1297 253 ς
1334 193 1561 243 34—40.
2078 186 2202 252 177

183 346 589 412 exhauseras.
681 345 858 423 Quas
905 369 1008 412 res
1056 347 1322 432 gessisti
1367 347 1662 433 imperio,
1712 349 2016 433 exercitu,
2060 370 2207 434 pro-
2224 351 2297 401 ⁸8

183 435 397 499 vincia
437 434 806 500 consulari?
892 436 1067 512 Quas
1106 456 1209 500 res
1249 437 1545 521 gesserit,
1593 439 1863 521 quaero!
1957 437 2085 514 Qui
2129 440 2207 501 ut

184 523 388 606 venit,
444 524 673 588 statim
726 520 860 563 *⁸¹²*
909 524 1198 589 nondum
1244 545 1682 590 commemoro
1729 525 2019 610 rapinas,
2071 546 2208 590 non

185 615 444 676 exactas
479 611 806 696 pecunias,
841 634 974 677 non
1007 615 1250 697 captas,
1286 633 1420 677 non
1446 613 1819 698 imperatas,
1854 635 1989 678 non
2013 633 2205 679 neces

129 718 156 758 5
186 699 537 784 sociorum,
589 720 724 764 non
778 700 1003 765 caedes
1052 699 1421 784 hospitum,
1475 723 1610 766 non
1652 701 2019 786 perfidiam,
2072 722 2208 766 non

181 788 678 870 immanitatem,
721 809 856 853 non
893 787 1138 853 scelera
1171 788 1506 873 praedic03
1551 810 1721 874 mox,
1770 789 1826 853 si
1862 789 2207 872 videbitur,

180 879 257 940 ut
297 897 452 941 cum
495 875 657 959 fure,
703 879 778 939 ut
825 897 971 941 cum
1019 875 1357 962 sacrilego,
1401 881 1479 941 ut
1526 898 1673 942 cum
1720 877 1953 942 sicario
1992 876 2208 960 dispu-

182 963 368 1048 tab03
421 985 593 1029 nunc
642 985 857 1028 meam
902 964 1251 1048 spoliatam
1299 963 1631 1028 fortunam
1676 964 2007 1030 conferam
2053 985 2203 1030 cum

183 1052 456 1117 florente
513 1051 780 1117 fortuna
831 1052 1265 1136 imperatoris.
1369 1052 1529 1129 Quis
1583 1074 1897 1137 umquam
1949 1052 2203 1137 provin·

105 1160 157 1200 ιο
186 1139 354 1205 ciam
409 1161 559 1204 cum
614 1139 902 1205 exercitu
959 1139 1273 1224 optinuit,
1334 1140 1447 1224 qui
1499 1141 1713 1206 nullas
1770 1140 1852 1205 ad
1906 1144 2207 1204 senatum

183 1228 438 1292 litteras
495 1227 794 1292 miserit?
849 1231 1107 1292 tantam
1159 1249 1314 1293 vero
1368 1229 1771 1312 provinciam
1810 1249 1970 1294 -cum
2016 1232 2204 1292 tanto

185 1315 489 1400 exercitu,
534 1314 984 1380 Macedoniam
1027 1316 1434 1400 praesertim,
1481 1337 1677 1401 quam
1716 1321 1940 1381 tantae
1976 1315 2207 1380 barba—

183 1425 408 1469 rorum
454 1406 684 1489 gentes
729 1404 1086 1489 attingunt,
1129 1407 1207 1468 ut
1243 1425 1502 1489 semper
1536 1403 1971 1470 Macedonicis
2008 1403 2208 1489 impe·

182 1492 515 1557 ratoribus
561 1491 735 1556 idem
779 1491 942 1556 fines
986 1491 1359 1576 provinciae
1402 1491 1649 1557 fuerint
1689 1493 1802 1577 qui
1840 1492 2207 1578 gladiorum

104 1601 156 1642 15
185 1583 384 1664 atque
426 1579 738 1663 pilorum3
785 1600 865 1643 ex
901 1600 1031 1663 qua
1065 1580 1320 1663 aliquot
1354 1581 1684 1665 praetorio
1720 1581 2015 1666 imperio,
2060 1601 2209 1646 con-

185 1667 388 1732 sulari
435 1666 695 1750 quidem
737 1688 931 1732 nemo
977 1667 1189 1750 rediit,
1235 1667 1351 1752 qui
1394 1668 1739 1733 incolumis
1784 1669 2003 1753 fuerit,
2049 1669 2209 1752 quin

183 1754 635 1838 triumpharit!
743 1755 870 1820 Est
939 1755 1065 1820 hoc
1133 1777 1406 1841 novum3
1478 1756 1686 1822 multo
1749 1756 1913 1822 illud
1975 1757 2207 1843 magis,

183 1842 578 1928 Appellatus
632 1847 736 1908 est
788 1843 896 1908 hic
949 1843 1274 1909 vulturius
1326 1844 1505 1908 illius
1549 1845 1947 1929 provinciae,
2003 1845 2061 1910 si
2106 1844 2205 1910 dis

183 1932 426 2017 placet,
497 1930 870 2017 imperator.
977 1931 1082 1998 Ne
1145 1935 1290 1997 tum
1350 1933 1637 2017 quidem,
1701 1931 1903 1999 Paule
1962 1936 2206 2018 noster,
2230 1906 2315 1973 17

101 2044 155 2085 20
183 2019 464 2085 tabellas
510 2042 658 2086 cum
701 2020 925 2085 laurea
959 2020 1242 2085 Romam
1278 2022 1541 2087 mittere
1578 2022 1906 2087 audebas?
1988 2020 2207 2106 ‘Misi’‚
2226 1999 2295 2048 39

181 2108 416 2193 inquit.
553 2108 714 2185 Quis
802 2130 1114 2194 umquam
1203 2110 1535 2194 recitavit,
1625 2109 1798 2194 quis,
1886 2112 1965 2174 ut
2051 2109 2209 2175 reci-

182 2199 506 2275 tarentur,
570 2196 974 2281 postulavit?
1081 2196 1268 2262 Nihil
1345 2198 1518 2262 enim
1586 2219 1732 2263 mea
1791 2198 1918 2262 iam
1987 2197 2209 2283 refert,

181 2288 405 2349 utrum
485 2287 562 2349 tu
643 2285 1042 2351 conscientia
1119 2307 1469 2370 oppressus
1551 2286 1869 2352 scelerum
1943 2290 2208 2352 tuorum

179 2372 348 2437 nihil
413 2393 726 2456 umquam
788 2394 984 2437 ausus
1051 2373 1142 2438 sis
1206 2374 1491 2438 scribere
1556 2375 1637 2439 ad
1692 2396 1840 2438 eum
1897 2374 2209 2459 ordinem,

98 2482 154 2526 25
182 2482 378 2544 quem
440 2460 849 2544 despexeras,
927 2483 1121 2545 quem
1185 2461 1537 2548 afflixeras,
1603 2483 1797 2546 quem
1859 2463 2207 2546 deleveraS,

181 2571 267 2613 an
339 2548 533 2612 amici
607 2548 707 2612 tui
779 2549 1058 2613 tabellas
1132 2549 1501 2614 abdiderint
1570 2549 1871 2635 idemque
1944 2551 2206 2616 silentio

181 2658 300 2701 suo
380 2636 819 2702 temeritatem
893 2640 1090 2720 atque
1163 2638 1500 2703 audaciam
1572 2642 1758 2702 tuam
1830 2640 2210 2705 condemna-

179 2725 341 2809 rint3
424 2728 620 2808 atque
692 2724 866 2790 haud
939 2726 1075 2790 scio
1149 2748 1236 2789 an
1308 2726 1534 2791 malim
1606 2730 1673 2791 te
1747 2726 1951 2793 videri
2022 2728 2206 2792 nullo

177 2812 425 2897 pudore
470 2811 671 2877 fuisse
724 2813 796 2877 in
856 2813 1098 2877 litteris
1153 2814 1521 2899 mittendis,
1577 2816 1713 2896 [an]
1763 2816 2008 2880 amicos
2054 2819 2206 2879 tuos

94 2927 150 2967 80
177 2900 328 2984 plus
364 2898 671 2965 habuisse
711 2902 831 2983 [et]
860 2902 1128 2985 pudoris
1155 2906 1223 2966 et
1251 2902 1507 2968 consilii
1537 2924 1733 2987 quam
1762 2907 1877 2967 aut
1903 2906 1970 2967 te
2003 2902 2208 2967 videri

176 2988 633 3073 pudentiorem
675 2987 897 3073 fuisse,
942 3012 1140 3073 quam
1177 2992 1367 3074 soles,
1414 2994 1529 3055 aut
1566 2995 1752 3056 tuum
1788 2991 2037 3055 factum
2072 3012 2207 3055 non

178 3096 320 3141 esse
359 3075 858 3141 condemnatum
894 3078 1134 3143 iudicio
1173 3080 1550 3144 amicorum.
1625 3078 1873 3156 Quodsi
1907 3100 2041 3143 non
2068 3078 2201 3143 tuis
2221 3090 2296 3141 40

174 3164 446 3229 nefariis
510 3164 580 3228 in
640 3164 815 3231 hunc
875 3165 1167 3231 ordinem
1223 3168 1636 3232 contumeliis
1690 3167 1762 3231 in
1814 3171 2205 3251 perpetuum

175 3252 305 3316 tibi
345 3252 592 3317 curiam
627 3253 1109 3338 praeclusisseS,
1157 3256 1314 3339 quid
1350 3256 1615 3319 tandem
1652 3257 1793 3319 erat
1831 3259 2051 3320 actum
2088 3258 2204 3319 aut

93 3366 147 3408 ⁸5
177 3345 444 3426 gestum
505 3340 576 3405 in
639 3344 756 3405 tua
817 3342 1176 3427 provincia,
1241 3344 1320 3407 de
1378 3366 1506 3428 quo
1564 3344 1645 3407 ad
1700 3347 1999 3408 senatum
2054 3364 2202 3407 cum

177 3429 624 3513 gratulatione
679 3428 900 3514 aliqua
955 3430 1154 3495 scribi
1209 3432 1329 3496 abs
1384 3436 1451 3496 te
1506 3432 1882 3514 oporteret?
1941 3431 2201 3495 vexatio

174 3514 598 3582 Macedoniae
643 3538 727 3582 an
775 3517 1161 3603 oppidorum
1196 3520 1411 3604 turpis
1450 3519 1715 3586 amissio
1754 3542 1839 3584 an
1874 3520 2207 3585 sociorum

219 3628 329 3671 010.
355 3628 420 3670 11.
449 3630 488 3673 ε.
1826 3628 1893 3675 12
