2550 3875
299 131 434 196 312
735 128 880 183 PRO
917 127 978 185 Τ.
1016 126 1248 182 ANNIO
1284 126 1564 183 MILONE
1600 125 1885 182 ORATIO.

299 293 432 357 nisi
497 291 610 375 qui
672 291 924 357 nullam
985 290 1120 356 vim
1183 311 1325 355 esse
1390 291 1570 356 ducit
1629 312 1949 355 numenve
2012 289 2335 368 divinum,

304 402 499 464 quem
551 401 762 464 neque
816 379 1074 463 imperii
1125 378 1337 443 nostri
1383 379 1763 463 magnitudo
1808 400 2017 462 neque
2064 379 2167 443 sol
2212 377 2334 442 ille

301 489 422 534 nec
469 467 630 532 caeli
676 467 1139 553 signorumque
1177 470 1397 532 motus
1430 489 1552 532 nec
1587 467 2067 532 vicissitudines
2104 487 2333 530 rerum

303 559 501 640 atque
557 555 814 620 ordines
869 559 1134 621 movent
1179 577 1417 639 neque,
1470 555 1538 619 id
1584 556 1757 638 quod
1802 555 2156 619 maximum
2205 557 2331 637 est,

303 644 624 709 maiorum
678 643 1025 728 sapientia,
1093 643 1204 726 qui
1259 665 1469 728 sacra,
1536 644 1647 727 qui
1703 643 2155 726 caerimoniae,
2213 642 2331 726 qui
2388 657 2419 700 s

304 733 594 817 auspicia
652 736 720 797 et
773 731 902 816 ipsi
957 731 1367 797 sanctissime
1424 731 1765 796 coluerunt
1818 735 1888 796 et
1937 731 2129 797 nobis
2188 730 2331 794 suis

302 820 586 905 posteris
623 813 1064 904 prodiderunt.
1136 819 1283 902 Est,
1331 823 1433 885 est
1467 819 1762 905 profecto
1798 819 1916 883 illa
1950 819 2068 904 vis,
2112 840 2332 901 neque

303 909 375 973 in
435 909 542 974 his
607 909 989 992 corporibus
1054 912 1250 992 atque
1312 907 1383 971 in
1433 907 1558 972 hac
1610 907 2040 972 inbecillitate
2094 911 2332 971 nostra

303 997 479 1061 inest
534 996 865 1081 quiddam,
920 997 1093 1080 quod
1146 996 1367 1081 vigeat
1422 1000 1489 1060 et
1540 995 1807 1080 sentiat,
1858 1017 1993 1060 non
2036 995 2211 1059 inest
2254 995 2332 1058 in

303 1085 431 1151 hoc
493 1088 682 1150 tanto
740 1089 1013 1150 naturae
1067 1089 1206 1148 tam
1258 1084 1592 1168 praeclaro
1648 1087 1849 1149 motu.
1948 1081 2099 1148 Nisi
2152 1081 2329 1147 forte
2361 1107 2416 1146 ιο

303 1173 546 1239 idcirco
604 1195 740 1238 non
789 1176 1053 1257 putant,
1118 1172 1271 1257 quia
1324 1194 1456 1237 non
1511 1176 1782 1256 apparet
1834 1193 1953 1238 nec
2010 1171 2330 1256 cernitur3

303 1262 573 1346 proinde
630 1261 818 1346 quasi
870 1265 1166 1326 nostram
1218 1261 1433 1344 ipsam
1475 1264 1789 1344 mentem,
1845 1282 1975 1344 qua
2018 1260 2333 1343 sapimus,

306 1372 436 1434 qua
491 1350 933 1434 providemus,
999 1371 1126 1432 qua
1177 1348 1339 1414 haec
1391 1349 1539 1432 ipsa
1592 1349 1846 1434 agimus
1903 1370 1979 1413 ac
2032 1348 2333 1431 dicimus,

302 1438 522 1502 videre
569 1441 682 1501 aut
727 1438 938 1522 plane,
986 1437 1196 1521 qualis
1245 1440 1359 1502 aut
1396 1437 1514 1502 ubi
1548 1437 1655 1521 sit,
1702 1437 1942 1502 sentire
1977 1436 2331 1520 possimus,

303 1525 408 1590 Ea
450 1526 549 1590 vis
597 1525 804 1610 igitur
847 1525 1018 1609 ipsa,
1073 1547 1236 1608 quae
1284 1546 1475 1609 saepe
1519 1525 1933 1590 incredibiles
1979 1525 2132 1589 111110
2179 1524 2329 1588 urbi
2361 1550 2413 1590 ιι

304 1613 656 1678 felicitates
703 1617 898 1696 atque
945 1635 1101 1696 opes
1148 1613 1393 1696 attulit,
1432 1613 1615 1677 illam
1658 1613 2011 1697 perniciem
2049 1611 2333 1677 extinxit

183 1763 190 1767 ,
306 1723 384 1767 ac
431 1701 717 1786 sustulit,
764 1702 870 1766 0111
912 1701 1198 1785 primum
1238 1704 1524 1766 mentem
1558 1701 1801 1785 iniecit,
1845 1705 1922 1765 ut
1964 1701 2032 1765 vi
2066 1701 2331 1765 irritare

303 1789 606 1873 ferroque
669 1790 988 1854 lacessere
1041 1789 1478 1854 fortissimum
1531 1789 1745 1854 virum
1798 1789 2067 1854 auderet
2118 1789 2333 1854 vince-

303 1883 613 1963 returque
659 1877 742 1942 ab
789 1900 886 1963 eo,
937 1899 1132 1962 quem
1177 1877 1234 1942 si
1277 1878 1562 1963 vicisset,
1604 1877 1948 1943 habiturus
1994 1880 2169 1943 esset
2213 1877 2332 1943 im-

215 1986 287 2037 85
303 1968 670 2054 punitatem
708 1971 776 2031 et
811 1967 1145 2031 licentiam
1181 1966 1660 2049 sempiternam.
1714 1966 1869 2031 Non
1903 1970 2006 2031 est
2039 1967 2329 2031 humano
2361 1994 2413 2035 πο

305 2056 599 2139 consili0,
640 2076 723 2119 ne
770 2055 1080 2119 mediocri
1126 2054 1405 2139 quidem,
1448 2055 1713 2139 iudices,
1758 2055 2027 2120 deorum
2066 2055 2332 2120 immor-

304 2144 540 2209 talium
594 2164 750 2208 cura
802 2164 906 2207 res
961 2143 1078 2207 illa
1129 2142 1435 2226 perfecta.
1535 2142 1911 2227 Religiones
1963 2142 2329 2208 mehercule

305 2232 726 2385 {2⁸231'10‘ffi3
768 2231 982 2383 {³3³3
999 2232 1107 2383 '⁰12¹
1109 2252 1260 2383 ¹²33
1305 2231 1907 2385 ἓὲἓῗὶἔὲἑῗηᾚὲ
1963 2253 2329 2384 ‘'essffi

306 2408 467 2490 iam,
510 2406 755 2471 Albani
799 2406 1038 2472 tumuli
1083 2411 1278 2490 atque
1324 2408 1483 2492 luci,
1527 2429 1671 2492 vos,
1714 2408 2001 2492 inquam,
2046 2408 2329 2492 imploro
2360 2435 2413 2475 2⁵

307 2499 506 2579 atque
562 2496 886 2581 obtestor,
937 2516 1212 2580 vosque,
1266 2495 1676 2561 Albanorum
1719 2497 1991 2560 obrutae
2038 2517 2187 2560 arae
2234 2518 2331 2561 sa—

309 2606 570 2650 crorum
623 2584 852 2667 populi
905 2582 1188 2648 Romani
1247 2584 1458 2648 sociae
1514 2589 1583 2649 et
1627 2585 1955 2668 aequales,
2010 2605 2171 2668 quas
2218 2583 2330 2649 ille

305 2692 618 2758 praeceps
651 2672 938 2736 amentia
966 2672 1170 2737 caesis
1197 2671 1675 2756 prostratisque
1706 2672 2137 2737 sanctissimis
2164 2672 2329 2737 lucis

308 2760 872 2825 substructionum
930 2760 1178 2824 insanis
1233 2760 1517 2825 molibus
1572 2763 2012 2845 oppresserat3
2073 2764 2329 2825 vestrae

308 2853 454 2913 tum
525 2848 687 2932 irae,
759 2852 1015 2912 vestrae
1088 2847 1438 2933 religiones
1499 2848 1877 2933 viguerunt,
1947 2852 2170 2913 vestra
2232 2848 2328 2913 vis
2356 2876 2407 2916 ac

307 2936 535 3020 valuit,
583 2957 780 3019 quam
815 2935 928 3000 ille
968 2936 1148 3001 omni
1185 2936 1425 3001 scelere
1461 2937 1816 3021 polluerat3
1858 2940 2062 3021 tuque
2099 2959 2179 3002 ex
2217 2940 2331 3003 tuo

310 3024 486 3089 edito
531 3028 772 3107 monte,
817 3022 1102 3088 Latiaris
1142 3028 1365 3089 sancte
1401 3023 1717 3109 Iuppiter,
1762 3024 1945 3089 cuius
1982 3024 2095 3089 ille
2132 3024 2332 3109 lacus,

307 3133 580 3177 nemora
622 3111 915 3195 finesque
962 3134 1153 3196 saepe
1203 3112 1379 3176 omni
1425 3112 1677 3177 nefario
1716 3116 1944 3197 stupro
1983 3116 2051 3177 et
2089 3114 2329 3178 scelere

309 3199 687 3283 macularat,
734 3200 1081 3283 aliquando
1128 3200 1207 3263 ad
1255 3222 1405 3264 eum
1447 3200 1879 3282 poeniendum
1925 3201 2150 3266 oculos
2188 3222 2330 3286 ape-

309 3288 533 3371 ruisti3
594 3288 782 3351 vobis
838 3287 1019 3372 illae,
1082 3286 1270 3351 vobis
1326 3291 1545 3353 vestro
1600 3289 1672 3353 in
1724 3292 2080 3373 conspectu
2134 3311 2328 3372 serae,
2355 3316 2402 3355 ³5

221 3384 292 3433 86
312 3375 427 3437 sed
461 3374 674 3438 iustae
710 3378 933 3439 tamen
968 3377 1036 3439 et
1072 3374 1330 3438 debitae
1366 3396 1612 3457 poenae
1651 3376 1903 3441 solutae
1939 3379 2112 3441 sunt.
2182 3375 2330 3441 Nisi

312 3458 483 3523 forte
538 3459 664 3525 hoc
717 3461 920 3525 etiam
974 3482 1130 3527 casu
1182 3460 1429 3526 factum
1484 3484 1625 3528 esse
1681 3463 1997 3541 dicemus„
2050 3468 2127 3528 ut
2181 3468 2327 3529 ante

195 787 280 852 31

215 876 286 924 84
