2550 3875
838 150 992 206 CAP.
1032 158 1241 207 11—13
1282 158 1312 217 s
1350 158 1477 207 29-
1493 158 1580 209 37.
2109 150 2241 215 269

195 315 453 381 cissem.
531 314 675 392 Nec,
724 312 1035 397 quamdiu
1079 313 1571 379 inimicissimus
1620 311 1901 377 Gabinio
1949 312 2063 397 fui,
2106 333 2244 376 non

197 402 632 467 amicissimus
669 401 833 465 mihi
869 403 1054 483 [non]
1084 401 1437 485 Pompeius
1465 402 1613 486 fuit,
1646 423 1784 485 nec,
1810 405 2243 485 posteaquam

196 492 376 556 illius
399 489 780 556 auctoritati
800 511 942 553 eam
966 489 1113 554 dedi
1131 490 1409 572 veniam,
1437 512 1633 574 quam
1652 488 1863 574 debui,
1892 489 2243 573 quicquam

197 578 504 645 simulate
556 578 701 660 feci,
753 599 835 642 ne
883 600 1032 642 cum
1076 600 1222 643 mea
1265 578 1539 662 perfidia
1581 578 1682 642 illi
1730 576 1930 642 etiam
1974 576 2105 660 ipsi
2150 575 2240 640 fa-

129 692 164 733 5
199 689 441 751 cerem,
495 666 602 731 cui
645 666 1034 731 beneficium
1080 665 1429 751 dedissem,
1474 665 1799 731 iniuriam.
1890 664 2064 729 Nam
2107 686 2242 729 non

198 754 528 820 redeundo
575 755 647 819 in
692 754 977 839 gratiam
1023 776 1172 820 cum
1216 755 1483 821 inimico
1518 777 1655 819 non
1688 754 2019 819 violabam
2054 752 2244 818 Pom·

196 844 449 927 peium3
515 842 572 907 si
627 864 745 926 per
799 864 948 907 eum
1006 843 1314 907 reductus
1371 843 1681 907 insidiose
1736 842 2077 925 redissem,
2138 862 2242 905 me

201 931 456 997 scilicet
493 930 792 1015 maxime,
839 932 951 996 sed
987 932 1284 1016 proxime
1321 930 1511 995 illum
1548 952 1805 1014 quoque
1843 928 2241 994 fefellissem.

203 1020 303 1084 Ac
331 1020 408 1084 de
438 1040 542 1083 me
573 1019 984 1101 omittamus3
1012 1019 1094 1083 ad
1123 1018 1599 1083 Alexandrinos
1627 1018 1794 1083 istos
1823 1021 2242 1082 revertamur.
2258 1026 2330 1074 34

101 1133 169 1174 10
203 1106 392 1183 Quod
427 1106 675 1171 habent
713 1128 808 1190 os,
853 1128 1050 1190 quam
1088 1106 1451 1171 audaciam!
1536 1105 1733 1171 Modo
1770 1106 1959 1171 vobis
1996 1105 2245 1188 inspec-

197 1194 496 1260 tantibus
537 1194 608 1258 in
641 1194 880 1259 iudicio
921 1192 1161 1259 Gabini
1207 1194 1409 1261 tertio
1456 1216 1714 1279 quoque
1760 1194 1959 1259 verbo
2008 1193 2243 1259 excita·

196 1285 472 1368 bantur3
499 1281 832 1367 negabant
859 1283 1203 1366 pecuniam
1226 1281 1507 1348 Gabinio
1538 1283 1776 1347 datam.
1815 1281 2245 1347 Recitabatur

198 1370 560 1437 identidem
595 1368 870 1453 Pompei
915 1370 1369 1435 testimonium
1413 1392 1638 1456 regem
1676 1372 1757 1434 ad
1794 1392 1864 1435 se
1904 1369 2245 1453 scripsisse

198 1460 454 1523 nullam
489 1457 834 1541 pecuniam
865 1456 1146 1523 Gabinio
1183 1459 1315 1524 nisi
1351 1458 1422 1523 in
1450 1482 1591 1523 rem
1620 1458 1975 1523 militarem
2004 1458 2245 1521 datam.
2368 1466 2374 1473 '

111 1570 176 1611 15
208 1546 388 1611 ‘Non
424 1546 567 1629 est',
603 1546 836 1629 inquit,
874 1545 1041 1610 ‘tum
1067 1545 1527 1611 Alexandrinis
1566 1547 1849 1612 testibus
1884 1544 2243 1611 creditum?

204 1634 379 1711 Quid
423 1634 697 1718 postea?
771 1632 1098 1699 ‘Creditur
1132 1634 1346 1700 nunc?
1424 1635 1635 1712 Quam
1673 1636 1757 1700 ob
1795 1634 1978 1699 r'em‘?
2053 1632 2247 1710 ‘Quia

200 1743 376 1787 nunc
441 1722 652 1805 aiunt,
717 1722 889 1805 quod
944 1727 1087 1786 tum
1144 1721 1519 1809 negabant?
1628 1723 1799 1800 Quid
1854 1722 2057 1807 ergo?
2112 1722 2246 1786 ista
2265 1728 2334 1778 35

205 1810 501 1875 condicio
566 1813 668 1874 est
730 1810 1028 1895 testium,
1099 1815 1202 1895 ut,
1268 1812 1507 1895 quibus
1575 1811 1896 1875 creditum
1955 1832 2090 1875 non
2156 1810 2247 1874 sit

202 1898 602 1984 negantibus
609 1950 628 1983 ,
681 1897 889 1964 isdem
935 1899 1238 1964 credatur
1284 1899 1654 1965 aientibus?
1745 1897 1866 1983 At,
1918 1898 1975 1964 si
2020 1920 2247 1963 verum

109 2013 175 2052 20
205 1993 351 2052 tum
397 1987 810 2052 severissima
853 1985 1072 2052 fronte
1119 1987 1441 2073 dixerunt,
1484 2010 1658 2053 nunc
1705 1987 2138 2070 mentiuntur3
2190 1986 2247 2051 si

203 2080 348 2140 tum
395 2075 657 2140 mentiti
705 2079 878 2159 sunt,
925 2075 1201 2141 doceant
1244 2098 1385 2160 nos,
1429 2099 1656 2140 verum
1694 2097 1823 2160 quo
1862 2074 2049 2139 vultu
2086 2074 2248 2139 sole·

205 2167 319 2228 ant
340 2165 569 2228 dicere.
607 2161 1052 2229 Audiebamus
1074 2164 1556 2249 Alexandriam,
1582 2186 1755 2229 nunc
1772 2163 2246 2249 cognoscimus.

203 2251 384 2315 Illim
415 2272 640 2316 omnes
667 2252 1084 2338 praestigiae,
1119 2251 1309 2336 illim,
1344 2253 1631 2337 inquam,
1665 2273 1889 2317 omnes
1926 2251 2244 2336 fallaciae,

208 2339 428 2404 omnia
475 2339 751 2422 denique
799 2340 882 2403 ab
927 2340 1012 2404 iis
1059 2340 1411 2405 mimorum
1457 2344 1845 2426 argumenta
1879 2343 2039 2404 nata
2076 2343 2248 2404 sunt.

115 2451 179 2494 25
209 2426 351 2492 Nec
395 2427 572 2502 mihi,
602 2427 865 2513 longius
913 2427 1262 2512 quicquam
1309 2433 1431 2512 est,
1474 2429 1740 2512 iudices,
1787 2450 1985 2512 quam
2029 2426 2247 2492 videre

205 2514 548 2579 hominum
612 2515 850 2581 vultus.
950 2514 1274 2581 Dixerunt
1336 2517 1446 2582 hic
1515 2518 1710 2582 modo
1765 2516 2111 2581 nobiscum
2166 2515 2248 2580 ad
2274 2483 2353 2548 13

205 2604 368 2668 haec
415 2603 726 2668 subsellia
769 2603 1006 2687 quibus
1047 2604 1412 2689 superciliis
1452 2610 1798 2670 renuentes
1835 2604 1989 2669 huic
2026 2605 2248 2669 decem
2267 2575 2335 2622 36

208 2691 466 2756 milium
513 2691 797 2756 crimini!
882 2691 1026 2756 Iam
1070 2693 1284 2758 nostis
1331 2693 1776 2758 insulsitatem
1825 2691 2255 2775 Graecorum3

207 2779 454 2845 umeris
510 2784 771 2864 gestum
818 2780 1104 2865 agebant
1148 2785 1295 2845 tum
1340 2781 1687 2865 temporie,
1743 2780 1933 2846 credo
1944 2831 1961 2863 ,
2018 2801 2248 2864 causa3

121 2892 185 2933 30
208 2889 386 2931 nunc
449 2867 701 2932 scilicet
765 2872 1024 2952 tempus
1087 2869 1344 2933 nullum
1408 2873 1527 2934 est.
1636 2868 1771 2935 Ubi
1835 2867 2035 2933 semel
2101 2867 2247 2950 quis

209 2955 627 3040 peieraverit,
682 2955 743 3020 ei
798 2955 972 3020 credi
1027 2961 1285 3040 postea,
1342 2957 1602 3022 etiamsi
1656 2979 1774 3041 per
1828 2955 2035 3040 pluris
2093 2955 2247 3020 deos

209 3044 411 3126 iuret,
473 3062 607 3108 non
662 3047 949 3129 oportet,
1007 3045 1423 3130 praesertim,
1484 3044 1757 3128 iudices,
1814 3065 1961 3109 cum
2013 3043 2085 3106 in
2142 3042 2247 3108 his

209 3130 469 3196 iudiciis
540 3153 622 3195 ne
684 3132 868 3197 locus
934 3133 1196 3216 quidem
1253 3153 1427 3199 novo
1484 3133 1643 3198 testi
1698 3131 1909 3198 soleat
1964 3151 2105 3195 esse
2161 3133 2246 3196 ob

64 3295 66 3297 ,
213 3240 484 3303 eamque
541 3241 803 3284 causam
847 3221 1020 3285 idem
1065 3220 1312 3286 iudices
1359 3221 1789 3304 retineantur,
1846 3219 1959 3305 qui
2002 3218 2249 3284 fuerint

125 3330 183 3374 ³5
212 3307 291 3372 de
347 3328 489 3391 reo,
543 3313 619 3372 ut
663 3308 746 3372 iis
790 3313 952 3374 nota
997 3309 1132 3374 sint
1183 3310 1430 3395 omnia,
1472 3309 1635 3374 neve
1682 3308 1838 3392 quid
1883 3307 2047 3393 fingi
2092 3307 2248 3372 novi

210 3396 442 3480 possit.
533 3392 669 3436 *²¹²*
727 3395 878 3473 Quo
935 3414 1027 3461 EA
1081 3414 1380 3462 PEcumA
1427 3407 1868 3461 PERVENERrr
1922 3418 2056 3461 non
2112 3396 2245 3462 suis
2268 3398 2333 3448 3⁷

210 3483 496 3568 propriis
551 3483 808 3549 iudiciis
863 3485 910 3568 †
967 3486 1039 3549 in
1092 3507 1276 3552 reum
1327 3485 1490 3550 facti
1546 3484 1958 3550 condemnari
2014 3485 2247 3552 solent.
