2550 3875
308 187 436 252 358
501 185 644 239 PRO
682 183 878 238 REGE
906 182 1272 238 DEIOTARO
1304 182 1592 237 ORATIO.
1640 183 1792 237 OAP.
1826 188 1907 250 14,
1951 188 2015 237 16
2044 187 2074 248 ὅ
2106 187 2339 237 40—43.

308 351 527 432 potes3
608 346 793 410 dabis
866 345 1163 428 profecto
1235 345 1302 408 id
1376 344 1886 427 misericordiae,
1964 344 2137 427 quod
2212 345 2339 408 ira-

311 435 580 500 cundiae
647 433 1001 518 denegasti.
1104 432 1319 497 Multa
1383 437 1535 497 sunt
1598 432 1999 497 monimenta
2062 432 2338 496 clemen-

310 523 440 587 tiae
497 526 677 606 tuae,
739 521 852 586 sed
907 522 1189 586 maxima
1245 543 1469 586 eorum
1523 520 2033 604 incolumitates,
2096 520 2335 604 quibus

313 611 591 676 salutem
655 609 905 674 dedisti.
1008 609 1186 685 Quae
1251 609 1308 673 si
1363 608 1432 673 in
1485 608 1761 692 privatis
1817 608 2108 693 gloriosa
2162 611 2337 692 sunt,

311 699 520 763 multo
576 698 785 784 magis
843 698 1524 763 commemorabuntur
1574 697 1644 761 in
1687 697 1972 782 regibus.
2064 694 2337 780 Semper
2387 720 2417 762 s

311 787 565 873 regium
609 808 846 852 nomen
890 786 960 850 in
1002 787 1125 850 hac
1173 786 1437 851 civitate
1481 789 1778 850 sanctum
1816 785 1960 869 fuit,
2007 784 2337 850 sociorum

313 897 464 940 vero
512 895 740 960 regum
787 877 854 939 et
891 875 1248 940 amicorum
1287 873 1789 939 sanctissimum.
1872 872 2061 948 Quod
2095 894 2337 938 nomen

312 963 384 1028 hi
420 984 607 1048 reges
641 985 724 1028 ne
761 963 1139 1027 amitterent
1176 965 1241 1026 te
1287 961 1554 1044 victore,
1591 961 1967 1045 timuerunt,
2004 964 2337 1025 retentum

312 1053 465 1117 vero
522 1055 588 1116 et
642 1072 680 1115 a
735 1055 801 1116 te
857 1050 1313 1115 confirmatum
1366 1049 1649 1133 posteris
1708 1049 1908 1113 etiam
1954 1048 2089 1113 suis
2137 1047 2337 1112 tradi-

313 1144 496 1205 turos
571 1161 642 1204 se
713 1161 853 1204 esse
927 1138 1274 1203 confidunt.
1384 1136 1677 1222 Corpora
1749 1158 1867 1202 sua
1936 1158 2056 1221 pro
2122 1137 2336 1202 salute
2367 1160 2419 1200 ιο

313 1247 542 1314 regum
587 1249 854 1292 suorum
898 1225 969 1290 hi
1014 1226 1219 1312 legati
1265 1225 1391 1290 tibi
1437 1225 1604 1312 regii
1649 1226 1934 1308 tradunt,
1983 1221 2222 1290 Hieras
2269 1228 2340 1290 et

313 1315 678 1381 Blesamius
733 1318 800 1378 et
853 1313 1252 1399 Antigonus,
1310 1313 1435 1378 tibi
1487 1313 1805 1397 nobisque
1852 1312 2155 1378 omnibus
2202 1313 2339 1378 iam

313 1405 424 1469 diu
485 1403 654 1487 noti,
717 1403 1066 1486 eademque
1128 1402 1253 1466 fide
1320 1405 1386 1466 et
1438 1402 1682 1466 virtute
1735 1401 2069 1485 praeditus
2127 1399 2339 1485 Dory-

312 1493 484 1575 laus,
537 1491 648 1576 qui
691 1512 898 1575 nuper
944 1512 1091 1554 cum
1137 1489 1340 1554 Hiera
1384 1490 1642 1574 legatus
1691 1493 1791 1554 est
1836 1489 1918 1553 ad
1964 1493 2028 1554 te
2076 1489 2341 1574 missus,

315 1602 461 1644 cum
520 1599 748 1664 regum
813 1578 1216 1660 amicissimi,
1290 1581 1433 1641 tum
1497 1577 1622 1641 tibi
1687 1577 1912 1661 etiam,
1983 1581 2060 1641 ut
2125 1599 2342 1663 spero,
2369 1599 2418 1642 ιι

227 1677 295 1727 42
314 1666 593 1750 probati.
683 1666 970 1750 Exquire
1024 1666 1100 1730 de
1146 1665 1502 1750 BlesamiO,
1554 1688 1713 1730 num
1768 1665 1924 1748 quid
1980 1666 2061 1729 ad
2115 1686 2342 1751 regem

316 1758 542 1819 contra
614 1753 998 1840 dignitatem
1066 1759 1249 1818 tuam
1314 1754 1677 1838 scripserit„
1772 1753 2031 1845 Hieras·
2074 1753 2343 1837 quidem

316 1864 578 1908 causam
633 1863 891 1906 omnem
945 1841 1218 1924 suscipit
1273 1845 1340 1906 et
1394 1841 1774 1907 criminibus
1829 1841 1962 1905 illis
2012 1863 2133 1926 pro
2183 1862 2341 1927 rege

315 1953 382 1996 se
443 1929 754 2016 supponit
816 1952 1016 1996 reum.
1115 1929 1500 1995 Memoriam
1564 1934 1748 1995 tuam
1801 1929 2139 2014 implorat,
2207 1952 2341 2014 qua

313 2020 489 2085 vales
543 2006 926 2104 psurimum3
978 2023 1179 2103 negat
1231 2041 1547 2102 umquam
1601 2040 1670 2084 se
1726 2041 1765 2083 3
1809 2021 1875 2082 te
1921 2018 1992 2082 in
2035 2017 2339 2083 Deiotari
2368 2040 2419 2080 zo

314 2107 670 2172 tetrarchia
712 2106 943 2190 pedem
988 2107 1389 2191 discessisse3
1434 2108 1503 2171 in
1547 2106 1777 2191 primis
1823 2106 2062 2171 finibus
2099 2106 2231 2170 tibi
2269 2128 2341 2171 se

313 2199 573 2280 praesto
639 2194 838 2259 fuisse
902 2194 1087 2279 dicit,
1151 2216 1355 2277 usque
1421 2195 1500 2258 ad
1554 2195 1822 2259 ultimos
1877 2198 2331 2280 prosecutum3

316 2306 461 2348 cum
535 2304 570 2347 e
642 2283 873 2347 balneo
948 2283 1215 2367 exisses,
1289 2286 1505 2348 tecum
1579 2304 1647 2347 se
1707 2282 1934 2366 fuisse,
2008 2304 2156 2347 cum
2221 2283 2344 2347 illa

316 2392 582 2435 vmunera
640 2370 1030 2454 inspexisses
1096 2375 1390 2453 cenatus,
1455 2393 1601 2435 cum
1667 2371 1733 2435 in
1796 2370 2095 2436 cubiculo
2160 2392 2342 2436 recu-

315 2459 595 2542 buisses,
663 2459 1056 2543 eandemque
1121 2459 1578 2523 adsiduitatem
1641 2457 1764 2524 tibi
1830 2480 1899 2524 se
1957 2458 2341 2543 praebuisse
2370 2479 2419 2520 2⁵

228 2555 298 2604 43
315 2546 645 2631 postridie.
746 2545 954 2621 Quam
1011 2545 1092 2611 ob
1149 2569 1315 2631 rem,
1371 2547 1427 2611 si
1483 2547 1639 2630 quid
1694 2568 1945 2630 eorum,
2002 2568 2171 2629 quae
2228 2548 2343 2611 ob-

315 2636 485 2700 iecta
530 2638 709 2719 sunt,
757 2635 1120 2720 cogitatum
1167 2634 1282 2718 sit,
1330 2657 1462 2699 non
1508 2638 1782 2718 recusat,
1829 2634 1987 2718 quin
2030 2634 2099 2698 id
2146 2656 2342 2699 suum

316 2723 565 2788 facinus
612 2722 872 2787 iudices.
964 2721 1298 2805 Quocirca,
1345 2722 1413 2787 O.
1453 2721 1711 2807 Caesar,
1757 2723 1953 2788 velim
2000 2722 2339 2789 existimes

316 2812 626 2877 hodierno
693 2810 794 2874 die
860 2810 1252 2876 sententiam
1312 2814 1493 2874 tuam
1548 2813 1662 2875 aut
1717 2832 1864 2875 cum
1921 2832 2177 2875 summo
2236 2812 2341 2875 de-

317 2900 544 2965 decore
583 2899 1014 2963 miserrimam
1060 2903 1313 2981 pestem
1358 2898 1839 2982 inportaturam
1885 2920 2026 2963 esse
2068 2898 2337 2984 regibus
2366 2921 2420 2959 so

319 2992 432 3051 aut
482 2987 871 3052 incolumem
925 2986 1168 3051 famam
1223 3009 1371 3050 cum
1427 2987 1664 3071 salute3
1725 3008 2001 3069 quorum
2057 2986 2341 3051 alterum

319 3079 544 3158 optare
616 3074 880 3139 illorum
944 3073 1349 3139 crudelitatis
1414 3078 1542 3159 est,
1614 3075 1892 3139 alterum
1954 3095 2339 3141 conservare

319 3162 697 3227 clementiae
745 3166 912 3226 tuae.

213 839 294 907 15

225 930 290 980 41

1114 3374 1537 3385 c—-u—n—n-
