2550 3875
311 129 441 195 262
679 128 823 183 PRO
865 127 924 184 C.
964 126 1264 184 RABIRIO
1301 127 1646 184 POSTUMO
1682 127 1972 184 ORATIO.

309 291 570 375 quidem
627 290 958 373 omnibus,
1013 291 1154 374 sed,
1209 291 1268 354 si
1322 311 1480 354 usus
1527 291 1845 375 magister
1890 293 1992 354 est
2037 288 2363 390 optimus,

308 379 470 443 mihi
518 379 712 442 debet
748 400 889 442 6336
926 341 1291 442 notissima.
1365 379 1687 442 Accusavi
1724 379 1802 443 de
1838 377 2132 462 pecuniis
2169 397 2362 460 repe·

307 466 549 552 tundis,
593 467 787 530 iudex
832 467 988 551 sedi,
1031 470 1300 550 praetor
1345 466 1654 550 quaesivi,
1701 465 1956 531 defendi
1996 464 2357 550 plurimos·

304 555 488 619 nulla
540 577 721 638 pars,
775 575 939 638 quae
991 555 1281 638 aliquam
1324 553 1710 619 facultatem
1756 554 2044 619 discendi
2091 552 2353 618 adferre

2547 0 2550 44 ι

2547 171 2550 212 ι

2548 213 2550 274 1

2532 277 2550 332 -1,

307 647 549 727 posset,
590 663 716 708 non
753 664 898 706 mea
933 641 1078 706 fuit.
1151 642 1256 707 Ita
1295 642 1636 727 contendo,
1668 642 1995 706 neminem
2030 662 2353 724 umquam
2416 667 2445 706 5
2530 653 2541 660 '

311 730 486 806 ‘Quo
543 748 636 796 ΕΑ
687 747 996 796 PEoUNIA
1039 729 1534 796 PERVENISSET’
1592 752 1855 795 causam
1910 729 2179 812 dixisse,
2236 731 2355 814 qui

308 819 380 883 in
426 819 850 884 aestimandis
891 818 1120 883 litibus
1161 819 1527 902 appellatus
1563 841 1699 883 non
1736 822 1925 883 633613.
1998 817 2081 882 In
2114 817 2353 881 litibus

311 911 532 971 autem
585 929 776 971 nemo
833 907 1287 991 appellabatur
1340 907 1472 971 nisi
1525 928 1605 970 ex
1658 908 1930 972 testium
1984 905 2179 971 dictis
2231 909 2355 969 aut

227 1004 292 1053 10
310 995 557 1059 tabulis
611 995 1020 1079 privatorum
1075 999 1189 1059 aut
1242 995 1612 1059 rationibus
1660 995 2021 1060 civitatum.
2109 993 2353 1077 Itaque

309 1083 378 1146 in
422 1083 775 1148 inferendis
821 1084 1050 1147 litibus
1093 1081 1316 1147 adesse
1356 1083 1675 1168 solebant,
1721 1083 1834 1166 qui
1872 1081 2121 1166 aliquid
2157 1082 2237 1146 de
2276 1103 2351 1145 36
2380 1107 2441 1146 10

308 1172 719 1255 verebantur,
756 1174 841 1256 et,
879 1193 1027 1236 cum
1057 1175 1243 1235 erant
1271 1171 1604 1256 appellati,
1622 1215 1625 1217 Α
1642 1171 1698 1236 31
1726 1172 2087 1254 videbatur,
2118 1169 2355 1234 statim

310 1263 539 1337 contra
602 1260 814 1324 dicere
879 1258 1206 1344 solebant3
1271 1260 1374 1324 sin
1438 1259 1576 1324 eius
1642 1259 1959 1343 temporis
2018 1261 2355 1323 recentem

311 1348 622 1412 invidiam
684 1345 1188 1432 pertimuerant,
1255 1347 1738 1430 respondebant
1800 1351 2047 1432 postea.
2158 1346 2354 1423 Quod

250 1435 291 1499 5
315 1457 463 1500 cum
525 1435 867 1519 fecissent,
929 1436 1243 1520 permulti
1308 1451 1499 1519 saepe
1562 1435 1875 1500 vicerunt.
1981 1435 2156 1499 Hoc*
2192 1456 2352 1498 vero

309 1545 554 1587 novum
619 1528 685 1587 et
749 1528 900 1587 ante
962 1524 1090 1588 hoc
1153 1528 1415 1607 tempus
1481 1525 1745 1588 omnino
1800 1523 2185 1587 inauditum.
2266 1521 2353 1585 In
2382 1545 2435 1587 15

311 1611 542 1675 litibus
580 1609 882 1675 Postumi
925 1633 1166 1677 nomen
1209 1616 1313 1676 est
1355 1633 1698 1695 nusquam.
1770 1611 1853 1676 In
1896 1612 2126 1690 litibus
2174 1611 2350 1694 (116ος

313 1699 506 1763 1110ᾱο
553 1720 670 1763 vos
715 1699 890 1764 idem
933 1700 1006 1764 in
1045 1701 1122 1764 A.
1163 1699 1517 1764 Gabinium
1562 1700 1808 1764 iudices
1856 1699 2145 1783 sedistis3
2188 1719 2354 1762 num

315 1786 459 1871 quis
505 1787 696 1851 testis
744 1786 1135 1852 Postumum
1182 1788 1579 1872 appellavit?
1636 1788 1828 1852 testis
1876 1787 2141 1852 autem?
2190 1808 2353 1851 num

315 1876 698 1941 accusator?
752 1875 922 1941 num‘
965 1877 1239 1960 denique
1296 1880 1440 1941 toto
1486 1876 1603 1941 illo
1650 1876 1721 1941 in
1763 1874 2003 1941 iudicio
2047 1875 2352 1940 Postumi

230 1975 294 2022 11
313 1976 555 2029 nomen
599 1965 918 2029 audistis?
1009 1963 1075 2029 N
1078 1987 1164 2029 on
1207 1964 1415 2050 igitur
1459 1986 1609 2029 reus
1657 1987 1737 2029 ex
1782 1986 1859 2029 ea
1904 1986 2127 2049 causa,
2184 1985 2349 2047 quae
2380 1988 2433 2027 20

314 2053 600 2117 iudicata
637 2057 757 2137 est,
792 2053 1112 2117 redundat
1141 2053 1519 2136 PostumuS,
1555 2053 1668 2117 sed
1707 2057 1810 2117 est
1846 2056 2145 2136 arreptus
2182 2072 2351 2115 unus

317 2161 512 2223 eques
558 2140 894 2205 Romanus
950 2142 1029 2205 de
1073 2141 1366 2225 pecuniis
1413 2140 1789 2224 repetundis
1836 2162 2003 2205 reus.
2096 2138 2351 2215 Quibus

315 2227 604 2292 tabulis?
662 2228 840 2303 Quae
877 2229 948 2292 in
983 2229 1222 2294 iudicio
1259 2229 1339 2293 A.
1380 2227 1622 2293 Gabini
1656 2229 1969 2294 recitatae
2006 2250 2142 2293 non
2178 2231 2353 2293 sunt.

319 2314 462 2390 Quo
508 2316 723 2379 teste?
795 2316 858 2380 A
900 2337 1029 2400 quo
1067 2321 1210 2382 tum
1247 2317 1613 2401 appellatus
1650 2337 1973 2400 nusquam
2010 2319 2129 2381 6313.
2208 2315 2351 2392 Qua

317 2403 775 2468 aestimatione
829 2404 1091 2469 litium?
1191 2404 1274 2469 In
1329 2426 1459 2489 qua
1511 2404 1814 2469 Postumi
1870 2404 2117 2469 mentio
2172 2403 2353 2468 facta
2379 2426 2430 2467 25

315 2491 498 2555 nulla
542 2496 662 2555 est.
754 2491 897 2568 Qua
942 2493 1132 2578 lege?
1226 2493 1371 2569 Qua
1413 2514 1547 2557 non
1592 2496 1870 2557 tenetur.

449 2578 578 2643 Hic
633 2579 792 2664 iam,
850 2581 1094 2645 iudices
1106 2630 1123 2665 ,
1176 2581 1381 2645 vestri
1437 2580 1695 2645 consilii
1750 2602 1854 2645 res
1910 2584 2038 2663 est,
2090 2582 2351 2644 vestrae

317 2668 702 2751 sapientiae3
750 2670 903 2752 quid
946 2670 1170 2733 deceat
1204 2690 1341 2753 vos,
1385 2691 1520 2734 non
1556 2672 1875 2753 quantum
1910 2669 2107 2733 liceat
2143 2668 2354 2751 vobis,

318 2760 612 2839 spectare
640 2757 908 2821 debetis.
957 2757 1027 2821 Si
1055 2758 1246 2841 enim,
1286 2757 1439 2841 quid
1468 2757 1681 2841 liceat,
1710 2756 2044 2840 quaeritiS,
2069 2756 2351 2840 potestis

317 2844 548 2908 tollere
595 2867 630 2909 e
677 2844 971 2929 civitate,
1028 2867 1221 2929 quem
1266 2845 1497 2929 vultis3
1550 2845 1795 2909 tabella
1840 2848 1969 2928 6313,
2026 2864 2192 2927 61136
2239 2842 2352 2907 (1313
2378 2868 2429 2907 so

314 2936 746 3017 potestatem3
793 2934 1080 2998 occultat
1126 2934 1353 2998 eadem
1396 2932 1761 3016 libidinem,
1806 2933 1987 2997 cuius
2027 2930 2353 2996 conscien-

317 3018 482 3083 tiam
508 3020 674 3084 nihil
705 3024 806 3085 est
836 3022 1011 3104 quod
1039 3022 1387 3105 quisquam
1413 3022 1663 3105 timeat,
1694 3021 1751 3084 si
1776 3043 1912 3085 non
1927 3020 2354 3103 pertimescat

233 3116 298 3165 12
321 3128 524 3171 suam.
615 3107 750 3173 Ubi
807 3112 910 3173 est
954 3108 1162 3194 igitur
1208 3109 1531 3193 sapientia
1575 3108 1854 3173 iudicis?
1945 3107 2028 3172 In
2068 3107 2225 3191 hoc,
2279 3111 2354 3171 ut

317 3216 450 3258 non
496 3196 736 3281 solum,
784 3197 940 3280 quid
985 3197 1225 3281 possit,
1271 3197 1385 3261 sed
1433 3198 1650 3298 etiam,
1698 3197 1854 3280 quid
1901 3195 2150 3279 debeat,
2196 3216 2354 3278 pon·

317 3282 500 3346 deret
543 3305 680 3367 nec,
728 3289 1045 3367 quantum
1092 3248 1225 3349 sibi
1257 3285 1668 3369 permissum,
1714 3283 2085 3348 meminerit
2122 3283 2354 3367 solum,
2379 3306 2430 3347 ³⁵

320 3368 432 3431 sed
469 3370 687 3453 etiam,
727 3376 1046 3453 quatenus
1088 3372 1512 3436 commissum
1552 3374 1657 3436 sit
1711 3371 1929 3436 Datur
1956 3371 2083 3435 tibi
2110 3370 2357 3435 tabella

319 3454 534 3519 iudici.
611 3457 754 3533 Qua
799 3458 990 3543 lege?
1063 3458 1235 3523 Iulia
1281 3459 1359 3522 de
1405 3460 1697 3543 pecuniis
1738 3458 2135 3544 repetundis.
2208 3457 2355 3535 Quo
