2550 3875
363 185 495 250 208
887 183 1031 239 PRO
1071 183 1181 239 CN.
1218 182 1529 238 PLANCIO
1568 181 1861 238 ORATIO.

367 346 541 431 quod
596 345 809 430 magis
859 343 1203 430 intellego,
1259 343 1667 428 temporibus
1713 347 1781 407 te
1828 343 1977 407 aliis
2024 343 2396 425 reservasti,

367 456 489 521 ego
529 431 830 518 quoque',
867 433 1122 516 inquiet
1159 433 1441 517 populus
1478 431 1833 514 RomanuS,
1876 431 1981 494 ‘ad
2018 453 2095 494 ea
2130 435 2199 495 te
2236 435 2397 494 tem·

365 545 530 607 pora
565 521 882 604 revocavi,
920 521 1002 584 ad
1040 542 1205 604 quae
1243 525 1321 584 tu
1357 524 1423 583 te
1452 520 1593 602 ipse
1622 541 1935 590 servaras.
1998 517 2160 582 Pete
2188 519 2398 603 igitur

367 632 516 674 eum
562 610 1048 696 magistratum,
1098 609 1168 671 in
1215 629 1343 691 quo
1392 607 1555 672 mihi
1600 628 1877 692 magnae
1924 607 2210 671 utilitati
2256 628 2396 670 esse

365 698 610 782 possis;
656 698 895 762 aediles
944 697 1337 780 quicumque
1384 698 1593 781 erunt,
1637 695 1811 759 idem
1858 694 2021 758 mihi
2063 699 2220 758 sunt
2256 693 2394 757 ludi
2448 713 2474 753 5

366 786 612 870 parati3
657 785 909 850 tribuni
953 785 1042 869 pl.
1087 783 1431 869 permagni
1475 783 1754 849 interest
1801 783 1913 866 qui
1952 782 2103 848 sint.
2180 780 2396 858 Quare

368 879 485 938 aut
529 874 722 938 redde
769 873 962 958 mihi,
1019 873 1192 956 quod
1238 871 1644 955 ostenderas,
1699 874 1841 954 aut,
1900 871 1984 954 si,
2031 870 2207 954 quod
2252 890 2399 933 mea

367 962 584 1026 minus
621 962 914 1044 interest,
956 959 1024 1024 id
1061 964 1128 1024 te
1165 960 1380 1044 magis
1416 959 1590 1024 forte
1627 957 1928 1043 delectat,
1964 958 2233 1022 reddam
2271 958 2399 1021 tibi

366 1050 567 1114 istam
613 1049 1019 1113 aedilitatem
1065 1048 1270 1112 etiam
1313 1047 1739 1132 neglegenter
1781 1047 2062 1130 petenti3
2108 1046 2223 1110 sed
2267 1067 2398 1108 am-

365 1138 698 1222 plissimos
732 1137 1014 1201 honores
1041 1139 1120 1200 ut
1145 1157 1266 1220 pro
1296 1135 1621 1220 dignitate
1648 1138 1767 1199 tua
1795 1155 2210 1217 consequare,
2248 1155 2397 1198 con·
2426 1155 2477 1194 10

366 1226 578 1290 discas
626 1246 855 1290 censeo
903 1224 1068 1288 mihi
1111 1223 1309 1307 paulo
1356 1223 1734 1308 diligentius
1782 1220 2190 1306 supplicare?

497 1313 682 1378 Haec
717 1311 947 1397 populi
985 1312 1196 1377 oratio
1237 1314 1355 1394 est,
1393 1333 1540 1374 mea
1565 1332 1739 1394 vero,
1775 1308 2169 1393 Laterensis,
2204 1307 2398 1373 haec:

371 1423 569 1486 quare
614 1401 830 1465 victus
879 1401 989 1484 siS,
1037 1421 1174 1464 non
1218 1399 1452 1463 debere
1496 1399 1779 1463 iudicem
1825 1418 2152 1482 quaerere,
2199 1396 2397 1461 modo

364 1512 448 1554 ne
484 1489 837 1574 largitione
867 1489 958 1552 sis
988 1488 1217 1552 victus.
1288 1486 1464 1551 Nam
1492 1487 1567 1570 si,
1606 1485 2187 1570 quotienscumque
2215 1506 2397 1569 prae-

367 1577 606 1642 teritus
636 1577 762 1640 erit
790 1577 867 1660 is,
906 1576 1017 1660 qui
1043 1597 1177 1640 non
1206 1575 1506 1639 debuerit
1532 1573 1896 1658 praeteriri,
1931 1573 2176 1638 totiens
2208 1593 2396 1655 opor-
2426 1593 2475 1633 15

367 1665 538 1730 tebit
584 1686 751 1748 eum,
799 1665 912 1747 qui
955 1663 1170 1728 factus
1217 1663 1365 1746 erit,
1412 1661 1847 1745 condemnari,
1891 1661 2061 1726 nihil
2106 1664 2210 1725 est
2245 1661 2400 1744 iam,

271 1834 274 1836 v
371 1753 545 1837 quod
574 1751 818 1836 populo
851 1752 1272 1836 supplicetur,
1307 1750 1495 1834 nihil,
1533 1750 1706 1834 quod
1734 1749 2028 1814 diribitio
2058 1748 2399 1833 suffragio-

369 1862 534 1924 rum,
559 1840 745 1922 nihil,
775 1842 949 1924 quod
976 1838 1398 1924 [supplicatio
1418 1839 1974 1923 magistratuum,]
1995 1837 2397 1900 renuntiatio

369 1931 775 2013 expectetur3
821 1927 1017 1993 simul
1061 1931 1155 2011 ut,
1203 1926 1316 2011 qui
1354 1926 1488 1991 sint
1523 1925 1822 2011 professi,
1867 1925 2107 2009 videro,
2153 1924 2399 1989 dicam:

286 2036 350 2083 15
373 2017 525 2082 ‘Hic
561 2017 814 2081 familia
842 2015 1170 2082 consulari
1198 2020 1319 2099 est,
1354 2014 1467 2079 ille
1495 2015 1853 2099 praetoria,
1890 2013 2176 2097 reliquos
2206 2012 2396 2077 video
2427 2035 2477 2074 20

369 2127 510 2170 esse
557 2103 972 2188 ex'equestri
1015 2104 1190 2188 loco;
1245 2106 1401 2168 sunt
1446 2124 1672 2168 omnes
1719 2102 1858 2167 sine
1905 2100 2189 2184 macula,
2242 2104 2400 2165 sunt

372 2215 596 2258 omnes
627 2214 830 2276 aeque
856 2191 1016 2257 boni
1043 2192 1169 2256 viri
1197 2195 1393 2275 atque
1420 2190 1685 2275 integri,
1716 2190 1830 2255 sed
1859 2188 2105 2255 servari
2130 2208 2397 2252 necesse

371 2286 473 2345 est
511 2281 781 2366 gradus;
824 2280 1011 2345 cedat
1049 2279 1378 2344 consulari
1414 2278 1638 2363 generi
1673 2277 2092 2362 praetorium,
2127 2296 2211 2339 ne
2250 2297 2399 2340 con-

263 2369 608 2441 (15)tendat
645 2390 795 2434 cum
828 2368 1160 2454 praetorio
1188 2366 1452 2432 nomine
1482 2370 1785 2450 equester
1810 2363 2034 2430 locus?
2120 2361 2401 2428 Sublata

371 2461 526 2521 sunt
579 2457 824 2540 studia,
889 2456 1215 2520 extinctae
1271 2454 1774 2539 suffragationes
1786 2504 1803 2537 ,
1858 2451 2077 2516 nullae
2134 2455 2398 2515 conten·
2430 2472 2478 2513 25

369 2545 603 2629 tioneS,
644 2544 830 2608 nulla
873 2544 1148 2608 libertas
1193 2542 1422 2626 populi
1466 2543 1538 2605 in
1573 2540 1955 2605 mandandis
1994 2539 2401 2625 magistrati-

367 2632 512 2717 bus,
546 2632 730 2697 nulla
767 2630 1136 2715 expectatio
1165 2630 1652 2715 suffragiorum3
1687 2629 1874 2711 nihil,
1908 2632 1986 2691 ut
2012 2627 2401 2711 plerumque

369 2720 613 2803 evenit,
667 2724 930 2804 praeter
974 2717 1348 2803 opinionem
1394 2717 1668 2798 accidet,
1715 2716 1899 2781 nulla
1944 2715 2073 2779 erit
2115 2712 2403 2798 posthac

368 2809 652 2873 varietas
701 2807 1135 2873 comitiorum.
1215 2803 1335 2870 Sin
1375 2804 1504 2871 hoc
1546 2826 1859 2888 persaepe
1906 2802 2159 2885 accidit,
2206 2805 2285 2865 ut
2333 2806 2404 2865 et

367 2896 582 2962 factos
631 2895 886 2979 aliquos
935 2898 1004 2960 et
1046 2915 1182 2959 non
1223 2892 1437 2959 factos
1475 2910 1616 2958 esse
1652 2892 1983 2975 miremur,
2030 2890 2088 2954 si
2126 2910 2401 2973 campus
2431 2912 2483 2951 so

371 2988 569 3068 atque
619 2983 773 3047 illae
819 2982 1028 3047 undae
1076 2982 1495 3046 comitiorum
1539 2983 1616 3043 ut
1661 3000 1840 3043 mare
1884 2976 2284 3063 profundum
2332 2982 2403 3040 et

369 3072 737 3136 inmensum
783 3071 878 3136 sic
924 3069 1353 3134 effervescunt
1398 3068 1681 3151 quodam
1722 3067 1911 3150 quasi
1951 3070 2155 3148 aestu,
2200 3068 2279 3128 ut
2317 3064 2404 3127 ad

371 3158 536 3223 alios
585 3158 914 3241 accedant,
961 3158 1042 3221 ab
1092 3156 1239 3220 aliis
1292 3159 1511 3220 autem
1557 3155 1879 3237 recedant,
1925 3157 2115 3217 tanto
2161 3173 2286 3217 nos
2329 3152 2405 3216 in

369 3247 621 3330 impetu
660 3246 1028 3310 studiorum
1065 3247 1133 3308 et
1170 3246 1359 3307 motu
1391 3242 1785 3306 temeritatis
1815 3242 2083 3307 modum
2110 3239 2405 3323 aliquem

287 3344 350 3391 16
373 3337 442 3396 et
489 3333 834 3397 consilium
871 3336 940 3397 et
976 3331 1300 3396 rationem
1336 3330 1789 3413 requiremus?
1865 3328 2080 3405 Quare
2116 3327 2257 3393 noli
2293 3348 2403 3391 me
2432 3351 2483 3391 ³5

373 3419 453 3483 ad
501 3421 986 3485 contentionem
1021 3420 1316 3481 vestrum
1350 3438 1600 3500 vocare,
1646 3416 2039 3482 Laterensis.
2112 3415 2405 3499 Etenim,

373 3506 430 3569 si
474 3506 716 3590 populo
765 3511 955 3591 grata
1002 3507 1104 3569 est
1140 3504 1404 3588 tabella,
1452 3525 1615 3588 quae
1653 3504 1904 3570 frontes
1944 3504 2157 3590 aperit
2190 3501 2407 3567 homi-

305 1281 346 1344 6

281 1371 349 1418 14
