2550 3875
833 188 988 245 CAP.
1027 195 1241 249 83—34
1276 195 1308 257 ς
1346 194 1413 245 ss
1435 196 1574 246 -94.
2082 191 2216 256 315

177 374 334 417 cum
380 352 616 437 gladiis
663 356 808 417 toto
848 351 994 416 foro
1031 351 1411 417 volitarunt.
1484 351 1683 418 Caedi
1720 353 1977 418 vidistis
2014 376 2215 439 popu-

175 441 324 505 lum
352 440 738 525 Romanum,
776 440 1150 506 contionem
1183 440 1422 526 gladiis
1452 440 1826 527 disturbari,
1863 464 2011 507 cum
2040 442 2215 507 audi-

177 534 369 593 retur
425 528 688 594 silentio
735 527 824 593 M.
871 527 1158 613 Caelius,
1211 529 1516 593 tribunus
1570 529 1687 614 pL,
1740 530 1843 595 vir
1898 534 1965 594 61
2018 530 2090 594 111
2144 552 2213 594 re

176 618 449 701 publica
501 616 904 681 fortissimus
960 620 1028 681 et
1079 618 1152 681 in
1207 621 1511 701 suscepta
1557 639 1753 682 causa
1796 618 2213 683 firmissimus

105 729 142 769 5
180 710 251 770 et
317 707 641 770 bonorum
698 705 1026 770 voluntati
1083 708 1150 769 et
1194 705 1577 770 auctoritati
1634 710 1897 771 senatus
1954 706 2213 771 deditus

177 798 250 858 et
303 794 376 858 in
427 794 552 859 hac
597 792 866 858 Milonis
922 793 1057 858 sive
1109 793 1355 858 invidia
1400 794 1535 858 sive
1581 793 1849 860 fortuna
1894 794 2213 880 singulari

177 883 406 947 divina
451 885 518 947 et
563 882 931 946 incredibili
975 882 1118 945 fide.

321 969 449 1035 Sed
493 970 626 1034 iam
663 970 825 1035 satis
863 970 1075 1034 multa
1111 970 1189 1034 de
1227 992 1441 1054 causa,
1489 974 1673 1035 extra
1710 992 1975 1036 causam
2012 972 2213 1036 etiam
2234 936 2318 1001 34

179 1058 382 1123 nimis
427 1058 708 1123 fortasse
755 1058 982 1123 multa.
1058 1057 1229 1134 Quid
1265 1062 1493 1144 restat,
1536 1059 1667 1123 nisi
1703 1063 1780 1124 ut
1817 1079 1998 1125 orem
2034 1061 2216 1125 obte-
2234 1028 2302 1077 ⁹²

81 1172 149 1213 ιο
183 1151 450 1231 sterque
504 1168 622 1212 vos
638 1198 656 1232 ,
709 1146 972 1231 iudices,
1027 1150 1102 1211 ut
1153 1166 1297 1210 eam
1342 1147 1857 1212 misericordiam
1902 1148 2213 1212 tribuatis

179 1235 549 1300 fortissimo
604 1236 775 1320 vir0,
831 1256 1027 1319 quam
1081 1235 1222 1319 ipse
1276 1255 1413 1299 non
1457 1235 1795 1321 implorat,
1842 1256 1964 1321 ego
2012 1236 2214 1300 etiam

181 1327 590 1409 repugnante
635 1324 762 1388 hoc
809 1327 876 1387 et
920 1323 1200 1407 imploro
1247 1326 1317 1387 et
1362 1324 1681 1407 exposco?
1753 1323 1999 1409 Nolite,
2046 1323 2102 1389 si
2144 1324 2215 1388 in

179 1417 414 1477 nostro
498 1411 791 1477 omnium
869 1410 1030 1475 fletu
1109 1411 1361 1475 nullam
1440 1412 1780 1477 lacrimam
1862 1412 2213 1498 aspexistis

179 1500 482 1579 Milonis,
529 1499 586 1564 si
629 1500 886 1564 vultum
932 1520 1187 1583 semper
1233 1500 1525 1585 eundem,
1577 1501 1635 1565 si
1678 1522 1923 1586 vocem,
1969 1500 2027 1565 si
2073 1522 2215 1565 ora-

86 1612 152 1654 15
182 1589 434 1654 tionem
481 1588 788 1653 stabilem
835 1609 909 1652 ac
951 1608 1086 1651 non
1135 1591 1460 1652 mutatam
1505 1588 1771 1675 videtis,
1823 1589 1951 1654 hoc
1997 1589 2213 1654 minus

185 1678 246 1741 ei
292 1698 586 1762 parcere3
638 1675 815 1740 haud
860 1676 994 1741 scio
1043 1698 1127 1739 an
1171 1676 1382 1741 multo
1429 1677 1521 1740 sit
1566 1676 1767 1742 etiam
1813 1678 2215 1742 adiuvandus

185 1765 418 1852 magis.
491 1764 774 1849 Etenim,
821 1764 878 1829 si
923 1764 993 1828 in
1038 1764 1449 1849 gladiatoriis
1494 1765 1733 1850 pugnis
1782 1769 1850 1830 et
1892 1768 1964 1831 in
2002 1766 2215 1830 infimi

61 1890 70 1902 ,
184 1854 445 1941 generis
506 1852 848 1917 hominum
911 1852 1288 1917 condicione
1356 1856 1553 1938 atque
1616 1853 1883 1919 fortuna
1946 1854 2213 1919 timidos

185 1948 383 2028 atque
432 1942 756 2027 supplices
804 1945 888 2026 61,
933 1945 1009 2006 111
1055 1943 1270 2006 vivere
1306 1942 1522 2027 liceat,
1569 1943 1974 2008 obsecrantis
2012 1943 2213 2007 etiam

88 2057 155 2098 20
185 2033 400 2098 odisse
463 2031 774 2116 6616111116,
835 2030 1030 2094 fortis
1087 2033 1283 2114 atque
1338 2031 1669 2096 animosos
1726 2034 1795 2096 et
1848 2053 1919 2096 se
1976 2032 2215 2096 acriter

183 2122 364 2221 ipsos
410 2120 611 2184 morti
661 2119 1007 2185 offerentes
1045 2139 1302 2183 servare
1342 2119 1657 2204 cupimus,
1704 2141 2055 2204 eorumque
2091 2141 2213 2185 nos

185 2208 396 2294 magis
443 2209 730 2292 miseret,
777 2207 888 2292 qui
932 2210 1230 2271 nostram
1275 2207 1786 2272 misericordiam
1830 2229 1964 2272 non
2002 2209 2215 2292 requi-

185 2301 357 2381 runt,
403 2317 600 2379 quam
643 2296 756 2380 qui
791 2295 976 2359 illam
1013 2294 1403 2380 efflagitant,
1450 2299 1695 2380 quanto
1731 2297 1859 2361 hoc
1894 2296 2107 2382 magis
2144 2297 2216 2361 in

186 2384 567 2449 fortissimis
598 2384 848 2448 civibus
873 2382 1087 2448 facere
1117 2383 1452 2448 debemus!
1500 2383 1609 2448 Me
1640 2384 1917 2469 quidem,
1948 2384 2215 2470 111111668,
2230 2405 2300 2455 98

95 2497 160 2540 25
189 2472 561 2537 exanimant
600 2476 668 2537 et
701 2471 1090 2537 interimunt
1125 2471 1249 2536 hae
1283 2493 1475 2537 voces
1502 2471 1789 2557 Milonis,
1827 2494 1989 2557 quas
2019 2473 2212 2539 audio

189 2560 444 2627 assidue
492 2564 560 2625 et
606 2560 844 2645 quibus
887 2560 1209 2624 intersum
1251 2560 1509 2625 cotidie.
1583 2560 1934 2646 ‘Valeant',
1978 2561 2215 2646 inquit,

189 2649 473 2714 ‘valeant
518 2648 688 2714 cives
735 2648 890 2732 mei3
937 2647 1070 2712 sint
1113 2648 1491 2733 incolumes,
1537 2649 1671 2714 sint
1706 2649 2033 2734 florentes,
2079 2649 2215 2714 sint

187 2739 391 2822 beati3
445 2741 580 2802 stet
632 2737 792 2802 haec
841 2737 999 2800 urbs
1045 2737 1381 2820 praeclara
1424 2737 1714 2821 mihique
1759 2738 1977 2822 patria
2022 2737 2215 2802 caris·

191 2827 379 2911 sima,
433 2847 696 2910 quoquo
743 2824 936 2890 modo
983 2824 1111 2888 erit
1154 2825 1390 2888 merita
1436 2825 1513 2889 de
1558 2846 1690 2910 me3
1740 2825 2099 2909 tranquilla
2141 2846 2214 2890 re

99 2941 164 2982 so
190 2914 450 2998 publica
499 2914 627 2978 mei
673 2913 872 2996 cives,
930 2912 1237 2997 quoniam
1283 2913 1445 2977 mihi
1492 2935 1640 2978 cum
1684 2914 1818 2978 illis
1862 2935 1997 2978 non
2041 2913 2215 2998 licet,

191 3003 325 3067 sine
371 3025 473 3067 me
515 3001 660 3087 ipsi,
708 3002 820 3068 sed
854 3004 1123 3085 propter
1159 3023 1262 3066 me
1300 3005 1523 3066 tamen
1556 3001 1991 3086 perfruantur.
2064 3000 2214 3087 Ego

191 3091 410 3156 cedam
456 3094 652 3175 atque
701 3091 915 3155 abibo.
990 3087 1060 3154 Si
1099 3090 1261 3154 mihi
1298 3091 1471 3154 bona
1507 3111 1577 3154 re
1614 3089 1891 3174 publica
1914 3089 2046 3153 frui
2081 3111 2212 3154 non

188 3180 471 3263 licuerit,
535 3182 607 3242 at
665 3180 898 3244 carebo
952 3177 1126 3242 mala
1181 3183 1276 3262 et,
1342 3199 1538 3262 quam
1591 3178 1878 3263 primum
1930 3177 2214 3263 tetigero

189 3269 349 3332 bene
385 3230 710 3332 mbratam
745 3271 814 3330 61
848 3265 1122 3330 liberam
1153 3266 1502 3349 civitatem,
1536 3266 1609 3330 in
1636 3288 1715 3331 ea
1742 3267 2215 3351 conquiescam.

105 3382 164 3428 ⁵5
193 3355 246 3420 Ο
282 3354 572 3440 frustra',
616 3355 850 3440 inquit,
895 3353 1082 3418 ‘mihi
1120 3355 1407 3439 suscepti
1441 3356 1719 3441 labores,
1768 3377 1806 3420 o
1844 3376 1993 3439 spes
2031 3355 2215 3420 falla*
2233 3366 2305 3415 94

193 3465 296 3510 ces
349 3449 420 3510 et
465 3443 900 3529 cogitationes
945 3441 1170 3508 inanes
1217 3444 1428 3508 meae!
1520 3443 1668 3529 Ego
1717 3465 1866 3508 cum
1910 3444 2215 3509 tribunus

191 3531 276 3616 pl.
327 3553 397 3596 re
452 3531 717 3616 publica
772 3551 1086 3616 oppressa
1135 3553 1240 3596 me
1296 3532 1554 3596 senatui
1608 3532 1957 3616 dedissem,
2022 3553 2217 3616 quem
