2550 3875
373 152 502 216 112
555 122 582 141 ''
938 146 1082 202 PRo
1121 148 1196 203 M.
1236 147 1497 203 cAEmo
1538 147 1827 203 ORATIO.
1952 141 1957 146 ·

371 336 494 401 que
540 313 729 379 abest
775 312 857 376 ab
903 310 1083 375 illius
1129 309 1603 376 familiaritatis
1651 309 1941 396 infamia,
1984 314 2061 377 ut
2106 310 2397 375 eiusdem

283 408 350 457 76
369 424 543 467 nunc
587 402 670 465 ab
717 420 858 465 sese
903 398 1285 464 inimicitias
1334 399 1681 484 odiumque
1727 399 2086 485 propulset.
2176 400 2397 484 Atque

367 494 446 556 ut
480 490 607 554 iste
634 488 1067 573 interpositus
1097 508 1312 551 sermo
1342 486 1722 551 deliciarum
1750 488 2161 572 desidiaeque
2190 500 2397 552 more-

368 581 552 643 retur
587 574 775 663 (fecit
801 597 904 639 me
934 575 1304 640 mehercule
1331 575 1540 639 invito
1568 579 1636 640 et
1662 575 1944 641 multum
1971 580 2397 660 repugnante,

369 665 484 731 sed
527 669 749 729 tamen
792 660 999 750 fecit),
1041 684 1282 728 nomen
1329 663 1522 728 amici
1559 663 1689 727 mei
1724 665 1803 729 de
1842 663 2097 729 ambitu
2134 663 2397 749 detulit3
2449 681 2475 723 z

368 774 562 838 quem
608 751 988 817 absolutum
1032 750 1418 836 insequitur,
1463 755 1755 836 revocat3
1804 751 2051 817 nemini
2093 756 2398 817 nostrum

369 842 808 925 obtemperat,
871 843 975 904 est
1035 838 1413 922 violentior,
1478 860 1677 924 quam
1728 840 1981 905 vellem.
2084 836 2213 904 Sed
2272 861 2396 925 ego

363 951 500 994 non
565 929 800 1014 loquor
864 928 942 992 de
1008 927 1358 1012 sapientia,
1431 949 1596 1012 quae
1658 949 1795 1015 non
1857 928 2032 993 cadit
2094 927 2166 991 in
2226 926 2398 993 hanc

367 1021 681 1101 aetatem3
735 1017 812 1080 de
866 1016 1119 1100 impetu
1166 1014 1369 1079 animi
1413 1014 1684 1111 loquor,
1730 1017 1809 1081 de
1858 1014 2214 1099 cupiditate
2261 1016 2399 1081 vin-

366 1106 578 1189 cendi,
632 1105 711 1169 de
768 1104 998 1169 ardore
1054 1103 1295 1167 mentis
1352 1103 1435 1167 ad
1490 1104 1798 1189 gloriam3
1853 1126 2017 1189 quae
2063 1102 2283 1169 studia
2327 1102 2400 1168 in
2428 1122 2480 1161 ιο

363 1193 469 1258 1118
515 1193 651 1257 iam
694 1192 1023 1257 aetatibus
1067 1190 1317 1256 nostris
1365 1191 1805 1257 contractiora
1848 1213 1989 1257 esse
2026 1191 2284 1276 debent,
2328 1192 2401 1256 in

365 1280 810 1347 adulescentia
852 1301 1007 1345 vero
1051 1283 1390 1363 tamquam
1426 1278 1499 1343 in
1531 1279 1755 1361 herbis
1794 1279 2187 1365 significant,
2232 1302 2399 1365 quae

365 1369 632 1435 virtutis
696 1367 1046 1433 maturitas
1104 1371 1172 1430 et
1228 1371 1511 1452 quantae
1565 1366 1791 1453 fruges
1845 1368 2206 1433 industriae
2262 1368 2402 1433 sint

364 1456 643 1521 futurae.
732 1455 1002 1520 Etenim
1048 1476 1305 1539 semper
1351 1476 1591 1540 magno
1637 1456 1901 1541 ingenio
1950 1456 2399 1542 adulescentes

364 1543 734 1609 refrenandi
796 1544 1018 1629 potius
1083 1564 1124 1607 a
1187 1542 1402 1628 gloria
1465 1565 1665 1628 quam
1725 1544 2043 1608 incitandi
2105 1544 2481 1629 fuerunt31⁵

367 1631 766 1717 amputanda
808 1631 1000 1715 plura
1047 1634 1202 1695 sunt
1246 1631 1349 1695 illi
1396 1631 1626 1716 aetati,
1678 1632 1998 1717 siquidem
2044 1632 2400 1698 efflorescit

280 1727 345 1777 77
367 1720 617 1805 ingenii
651 1719 972 1803 laudibus,
1009 1741 1208 1803 quam
1234 1719 1593 1784 inserenda.
1643 1717 1874 1803 Quare,
1902 1719 1961 1785 si
1990 1720 2095 1785 cui
2120 1720 2400 1786 nimium

366 1807 744 1873 efferbuisse
806 1807 1065 1872 videtur
1125 1807 1321 1871 huius
1386 1807 1489 1872 vel
1553 1808 1624 1872 in
1687 1808 2114 1894 suscipiendis
2170 1810 2275 1874 vel
2328 1810 2400 1875 in

368 1895 669 1983 gerendis
733 1894 1099 1961 inimicitiis
1156 1894 1293 1960 sive
1347 1894 1657 1962 ferocitas
1710 1897 1836 1962 sive
1889 1897 2276 1983 pertinacia,
2340 1898 2397 1964 si

369 2006 564 2069 quem
629 1984 831 2048 etiam
894 1984 1318 2048 minimorum
1381 1984 1619 2049 horum
1680 1985 1925 2070 aliquid
1980 1985 2276 2070 offendit,
2339 1987 2397 2051 si
2424 2004 2476 2043 2⁰

365 2093 693 2158 purpurae
739 2092 965 2157 genus,
1011 2072 1070 2136 si
1111 2071 1472 2137 amicorum
1513 2077 1828 2156 catervae,
1874 2073 1932 2138 si
1970 2074 2293 2159 splendor,
2340 2075 2399 2139 si

365 2161 572 2244 nitor,
634 2159 768 2224 iam
823 2159 955 2225 ista
1010 2158 1494 2244 deferbuerint,
1541 2161 1675 2225 iam
1729 2165 1908 2226 aetas
1958 2162 2209 2246 omnia,
2264 2163 2398 2227 iam

365 2270 553 2331 118118,
598 2247 732 2312 iam
775 2247 915 2312 dies
962 2247 1305 2333 mitigarit.

261 2342 347 2407 32
485 2334 880 2401 Conservate
900 2335 1108 2421 igitur
1125 2335 1553 2420 reipublicae,
1572 2335 1836 2423 iudices,
1855 2337 2063 2403 civem
2075 2339 2397 2404 bonarum

367 2423 628 2507 artium,
663 2424 987 2488 bonarum
1025 2424 1332 2508 partium,
1368 2425 1694 2491 bonorum
1720 2426 2011 2491 virorum
2037 2429 2396 2492 studiosum.
2426 2443 2478 2483 ²5

367 2511 696 2576 Promitto
741 2511 869 2578 hoc
913 2512 1101 2576 vobis
1149 2517 1216 2577 et
1260 2512 1358 2577 rei
1401 2513 1703 2598 publicae
1750 2514 2057 2599 spondeo,
2103 2514 2161 2579 si
2200 2515 2396 2580 modo

365 2621 489 2664 nos
535 2599 664 2682 ipsi
709 2598 805 2664 rei
849 2599 1148 2684 publicae
1195 2601 1360 2666 satis
1405 2599 1699 2686 fecimus,
1741 2624 2098 2687 numquam
2142 2603 2316 2668 hunc
2358 2624 2401 2667 a

367 2687 616 2752 nostris
674 2687 1040 2753 rationibus
1093 2688 1462 2753 seiunctum
1506 2688 1665 2754 fore.
1760 2689 1947 2766 Quod
1994 2712 2141 2756 cum
2186 2690 2399 2756 fretus

366 2779 598 2840 nostra
641 2774 1095 2841 familiaritate
1139 2777 1481 2861 promitto,
1526 2781 1671 2842 tum
1713 2778 1886 2862 quod
1923 2778 2288 2843 durissimis
2328 2801 2399 2844 se

282 2873 349 2923 ’18
368 2864 509 2947 ipse
572 2863 833 2949 legibus
896 2865 1029 2929 iam
1095 2864 1435 2951 obligavit.
1534 2863 1690 2931 Non
1744 2867 1918 2931 enim
1971 2870 2219 2951 potest,
2285 2869 2401 2952 qui
2429 2885 2484 2924 80

369 2951 703 3016 hominem
750 2953 1178 3037 consularem,
1228 2954 1403 3038 quod
1450 2953 1531 3018 ab
1580 2975 1657 3019 eo
1704 2976 1843 3019 rem
1887 2954 2221 3038 publicam
2266 2955 2404 3020 vio-

368 3039 574 3104 latam
640 3039 910 3125 diceret,
975 3041 1046 3105 in
1101 3040 1416 3107 iudicium
1471 3041 1749 3126 vocarit,
1811 3042 1951 3126 ipse
2008 3064 2149 3108 esse
2204 3042 2276 3107 in
2328 3065 2402 3107 re

369 3127 651 3210 publica·
680 3128 840 3193 civis
886 3128 1333 3213 turbulentus3
1386 3151 1521 3194 non
1564 3133 1813 3213 potest,
1860 3129 1972 3215 qui
2018 3131 2272 3195 ambitu
2314 3152 2403 3196 ne

373 3215 747 3280 absolutum
776 3216 1038 3300 quidem
1065 3217 1360 3299 patiatur
1386 3238 1527 3281 esse
1556 3218 1951 3301 absolutum,
1987 3219 2127 3304 ipse
2156 3219 2401 3303 inpune

369 3323 682 3384 umquam
719 3326 858 3370 esse
895 3304 1193 3388 largitor.
1270 3303 1493 3369 Habet
1530 3327 1570 3369 a
1595 3305 1684 3370 M.
1714 3305 1935 3373 Caelio
1973 3328 2077 3373 res
2114 3307 2401 3391 publica,
2431 3323 2485 3364 ³⁵

371 3388 634 3474 iudices,
653 3391 814 3456 duas
834 3392 1282 3457 accusationes
1303 3393 1404 3456 vel
1427 3392 1686 3459 obsides
1703 3396 1977 3479 periculi
1996 3396 2099 3462 vel
2118 3395 2405 3480 pignora

370 3475 749 3543 voluntatis.
853 3479 1066 3557 Quare
1123 3501 1237 3546 oro
1297 3485 1719 3568 optestorque
1774 3505 1917 3570 vos,
1978 3484 2251 3563 iudiceS,
2302 3487 2405 3562 ut,
