2550 3875
836 160 990 217 CAP.
1027 168 1241 217 29—31
1279 168 1313 228 ξ
1351 169 1578 219 ‹se-75.
1997 124 2017 142 ’
2105 166 2229 228 111

195 322 382 389 cuius
438 322 656 408 prima
713 327 895 388 aetas
953 324 1172 388 dedita
1222 323 1603 407 disciplinae
1648 323 1777 389 fuit
1821 324 2033 409 iisque
2078 326 2233 391 arti-

191 413 349 495 bus,
406 411 645 495 quibus
697 411 1112 476 instituimur
1158 413 1240 477 ad
1286 412 1460 477 hunc
1504 433 1697 477 usum
1740 412 2096 497 forensem,
2150 413 2233 477 ad

195 500 660 583 capessendam
729 522 870 565 rem
932 499 1296 585 publicam,
1368 499 1452 564 ad
1513 500 1859 585 honorem,
1933 501 2233 586 gloriam,

193 587 620 673 dignitatem3
683 588 768 652 iis
835 592 1057 652 autem
1120 588 1250 653 fuit
1310 588 1617 654 amicitiis
1674 589 1999 654 maiorum
2050 594 2232 673 natu,

129 709 166 752 5
195 696 476 758 quorum
529 696 669 741 eum
713 675 961 739 imitari
1007 676 1407 741 industriam
1454 676 2053 761 continentiamque
2100 698 2232 741 ma-

191 764 368 827 xime
418 762 667 847 velitis,
721 763 806 827 iis
853 764 1226 848 aequalium
1277 764 1541 849 studiis,
1594 768 1671 830 ut
1717 766 1992 830 eundem
2038 786 2227 848 quern

195 850 436 935 optimi
487 873 564 917 ac
605 851 1004 917 nobilissimi
1047 856 1270 937 petere
1318 874 1580 917 cursum
1624 852 1837 918 laudis
1883 854 2232 918 videretur.

194 938 363 1004 Cum
411 943 633 1003 autem
673 940 946 1025 paulum
987 940 1123 1004 iam
1168 941 1429 1006 roboris
1468 941 1855 1006 accessisset
1892 941 2116 1025 aetati,
2160 941 2233 1005 in
2251 952 2318 1000 73

191 1026 493 1101 Africam
552 1027 902 1112 profectus,
943 1032 1046 1093 est
1093 1027 1168 1104 Q.
1214 1028 1530 1113 Pompeio
1585 1051 1705 1112 pro
1762 1030 2027 1094 consule
2084 1050 2232 1093 con-

99 1131 164 1172 to
195 1114 581 1199 tubernalis,
627 1116 1002 1181 castissimo
1046 1116 1301 1181 homini
1348 1120 1546 1200 atque
1594 1117 1807 1182 omnis
1851 1116 2053 1182 officii
2090 1116 2231 1180 dili·

195 1202 618 1287 gentissim03
671 1203 743 1268 i'n
797 1225 927 1287 qua
977 1203 1317 1288 provincia
1370 1226 1521 1269 cum-
1574 1226 1679 1269 res
1736 1210 1923 1269 erant
1972 1208 2041 1269 et
2084 1225 2231 1288 pos—

195 1290 523 1355 sessiones
559 1295 890 1376 paternae,
926 1295 1071 1356 tum
1100 1293 1302 1356 etiam
1329 1313 1488 1357 usus
1518 1293 1783 1375 quidam
1809 1291 2229 1377 provincialis

191 1400 330 1443 non
375 1378 515 1443 sine
562 1400 759 1443 causa
804 1401 844 1443 a
879 1379 1238 1444 maioribus
1276 1380 1431 1445 huic
1468 1381 1672 1445 aetati
1709 1380 2017 1445 tributus.
2106 1378 2232 1443 De-

195 1465 400 1531 cessit
453 1464 636 1532 illinc
681 1467 955 1552 Pompei
1009 1467 1251 1532 iudicio
1307 1468 1840 1553 probatissimus,
1894 1472 1972 1533 ut
2018 1467 2229 1553 ipsius

89 1566 159 1608 1⁵
195 1554 582 1620 testimonio
626 1555 1055 1639 cognoscetis.
1128 1555 1364 1621 Voluit
1399 1560 1617 1621 vetere
1652 1557 1965 1621 instituto
2004 1576 2231 1620 eorum

195 1642 713 1707 adulescentium
773 1643 1069 1728 exemplo
1079 1694 1098 1729 ,
1163 1643 1277 1726 qui
1331 1647 1487 1727 post
1540 1644 1612 1709 in
1665 1645 1934 1710 civitate
1990 1643 2231 1708 summi

191 1730 322 1795 viri
369 1734 438 1795 et
483 1730 831 1796 clarissimi
879 1732 1052 1797 cives
1099 1731 1478 1815 extiterunt,
1522 1732 1917 1797 industriam
1964 1753 2149 1797 suam
2192 1752 2232 1794 a

97 1900 104 1908 ι
191 1818 442 1903 populo
472 1817 770 1884 Romano
809 1840 889 1884 ex
916 1819 1138 1903 aliqua
1163 1819 1431 1884 inlustri
1460 1821 1874 1885 accusatione
1903 1818 2229 1905 cognosci.
2250 1873 2347 1938 31-

193 1906 457 1972 Vellem
485 1906 613 1973 alio
641 1907 865 1993 potius
896 1930 1045 1973 eum
1073 1907 1399 1993 cupiditas
1428 1907 1677 1994 gloriae
1706 1908 2080 1994 detulisset3
2118 1908 2231 1972 sed
2251 1965 2321 2012 74
2372 1912 2381 1919 '

93 2012 162 2053 2⁰
195 1995 368 2060 abiit
402 1995 596 2060 huius
635 2001 896 2081 tempus
936 1997 1278 2081 querellae.
1362 1997 1716 2062 Accusavit
1752 1996 1821 2063 G.
1851 1997 2232 2079 Antonium,

196 2083 524 2167 collegam
563 2106 802 2168 meum,
841 2085 946 2149 cui
982 2086 1222 2150 misero
1259 2085 1580 2169 praeclari
1617 2085 1689 2149 in
1724 2107 1864 2150 rem
1899 2085 2232 2169 publicam

191 2171 501 2236 beneficii
537 2173 855 2238 memoria
888 2173 1055 2237 nihil
1091 2172 1362 2258 profuit,
1400 2173 1628 2238 nocuit
1666 2173 1889 2257 opinio
1928 2171 2234 2236 maleficii

194 2259 497 2344 cogitati.
569 2259 813 2325 Postea
850 2261 1098 2326 nemini
1133 2283 1449 2344 umquam
1486 2261 1809 2326 concessit
1846 2260 2234 2344 aequalium,

191 2347 351 2432 plus
387 2351 465 2411 ut
500 2347 572 2412 in
605 2347 769 2432 foro,
797 2349 946 2433 plus
972 2349 1147 2413 utin
1172 2349 1460 2434 negotiis
1489 2353 1864 2414 versaretur
1890 2348 2233 2431 causisque

99 2456 161 2497 25
195 2435 591 2520 amicorum,
641 2437 791 2520 plus
845 2440 924 2500 ut
978 2437 1225 2502 valeret
1275 2438 1453 2501 inter
1510 2459 1663 2502 suos
1722 2437 1955 2523 gratia.
2051 2435 2233 2512 Quae

191 2523 332 2589 nisi
376 2523 728 2608 vigilantes
772 2524 1091 2608 homines,
1133 2525 1264 2590 nisi
1308 2525 1532 2609 sobrii,
1576 2525 1707 2590 nisi
1742 2524 2050 2590 industrii
2088 2545 2234 2588 con-

195 2611 391 2695 sequi
451 2634 586 2677 non
645 2617 953 2697 possunt,
1020 2613 1241 2678 omnia
1303 2613 1529 2678 labore
1592 2617 1661 2678 et
1723 2613 2068 2699 diligentia
2130 2615 2235 2676 est

189 2704 608 2765 consecutus.
708 2699 790 2764 In
849 2700 976 2766 hoc
1037 2701 1210 2765 flexu
1266 2702 1453 2785 quasi
1510 2701 1747 2766 aetatis
1804 2700 2000 2786 (nihil
2058 2700 2233 2764 enim
2254 2711 2323 2762 '15

195 2786 549 2854 occultabo
595 2787 804 2853 fretus
849 2788 1260 2853 humanitate
1299 2811 1375 2854 ac
1413 2789 1735 2873 sapientia
1771 2785 2021 2874 vestra)
2058 2787 2237 2851 fama

105 2897 166 2937 so
197 2875 640 2941 adulescentis
711 2877 981 2960 paulum
1051 2877 1269 2941 haesit
1342 2878 1424 2941 ad
1488 2882 1697 2942 metas
1758 2877 2003 2942 notitia
2065 2896 2237 2939 nova
2320 2929 2325 2934 .

195 2962 497 3030 mulieris
545 2969 612 3028 et
647 2964 896 3029 infelici
932 2965 1269 3029 vicinitate
1309 2968 1376 3029 et
1412 2965 1765 3030 insolentia
1799 2964 2235 3047 voluptatum,

195 3073 372 3136 quae
399 3073 569 3124 ‚cum
604 3053 894 3118 inclusae
931 3051 1178 3117 diutius
1215 3057 1284 3118 et
1320 3053 1534 3137 prima
1570 3056 1785 3117 aetate
1825 3071 2234 3135 compressae

193 3145 270 3205 et
327 3140 722 3206 constrictae
777 3141 1068 3225 fuerunt,
1122 3141 1343 3206 subito
1396 3163 1465 3206 se
1510 3163 1645 3206 non
1687 3161 2047 3223 numquam
2089 3159 2237 3223 pro-

193 3228 488 3293 fundunt
550 3233 746 3314 atque
811 3229 1058 3294 eiciunt
1119 3229 1477 3293 universae.
1579 3228 1725 3305 Qua
1788 3249 1868 3291 ex
1930 3227 2069 3291 vita
2099 3300 2104 3306 ‚
2130 3228 2234 3292 vel

111 3338 166 3379 85
197 3317 419 3382 dicam
467 3339 595 3402 quo
634 3339 713 3381 ex
751 3338 1048 3382 sermone
1089 3313 1523 3402 (nequaquam
1567 3317 1742 3380 enim
1778 3319 2039 3380 tantum
2077 3318 2236 3396 erat,

197 3409 524 3492 quantum
549 3405 848 3470 homines
877 3401 1342 3490 loquebantur)
1359 3439 1447 3450 —
1461 3426 1686 3469 verum
1706 3426 1786 3468 ex
1804 3426 1900 3487 eo,
1930 3403 2236 3489 quicquid

195 3497 366 3576 erat,
405 3493 675 3558 emersit
707 3496 1053 3579 totumque
1091 3515 1159 3557 se
1198 3492 1391 3558 eiecit
1429 3497 1623 3580 atque
1663 3492 1915 3575 extulit,
1952 3495 2236 3555 tantum-
