2550 3875
444 179 492 241 4
1032 173 1175 229 PRO
1210 172 1273 231 P.
1313 172 1559 228 SESTIO
1598 170 1885 228 ORATIO.

446 336 888 405 fundamentis
931 336 1093 405 haec
1137 338 1363 401 tantae
1417 334 1690 400 summis
1733 334 1805 399 in
1848 333 2044 400 rebus
2092 333 2320 399 laudes
2372 355 2468 398 ex—

450 427 690 493 citatae
735 426 887 490 sint.
1653 448 1664 463 ·

625 513 905 579 Parente
950 510 1023 577 P.
1061 508 1314 577 Sestius
1357 514 1552 578 natus
1597 513 1718 595 est,
1761 509 2027 594 iudices,
2069 509 2356 587 homine,
2398 512 2468 573 ut

449 602 742 688 plerique
789 598 1209 682 meministis,
1267 601 1335 663 et
1381 598 1673 682 sapiente
1718 600 1788 663 et
1832 600 2061 663 sancto
2107 602 2178 663 et
2223 618 2468 679 severo;

452 691 565 775 qui
607 712 757 756 cum
810 688 1111 753 tribunus
1155 686 1244 769 pl.
1297 686 1546 770 primus
1591 685 1764 751 inter
1806 685 2104 751 homines
2150 684 2469 751 nobilissi-

451 799 594 844 mos
658 776 1065 861 temporibus
1132 774 1419 858 optumis
1481 772 1696 839 factus
1756 777 1957 858 esset,
2030 772 2306 857 reliquis
2366 773 2469 837 ho-

450 866 723 931 noribus
767 886 899 929 non
946 867 1085 927 tam
1128 862 1230 926 uti
1273 861 1485 927 voluit
1531 883 1727 945 quam
1785 861 2019 947 dignus
2065 861 2292 927 videri.
2378 860 2467 925 Eo

454 957 719 1019 auctore
775 952 960 1016 duxit
1010 949 1480 1015 honestissumi
1533 953 1602 1014 et
1655 948 2144 1033 spectatissumi
2197 949 2356 1032 viri,
2406 946 2467 1013 G.

456 1041 703 1125 Albini,
746 1040 968 1123 filiam,
1014 1059 1094 1104 ex
1138 1059 1267 1121 qua
1303 1037 1412 1103 hic
1456 1040 1559 1102 est
1593 1058 1756 1121 puer
1799 1040 1868 1102 et
1901 1041 2110 1121 nupta
2143 1037 2284 1102 iam
2326 1036 2466 1101 filia.

454 1127 728 1194 Duobus
764 1126 869 1192 his
908 1126 1351 1212 gravissumae
1389 1124 1802 1208 antiquitatis
1830 1124 1992 1189 viris
2029 1125 2125 1190 sic
2158 1125 2467 1209 probatus
2491 1141 2510 1179 1

454 1217 583 1281 fuit
596 1266 615 1302 ,
667 1219 743 1281 ut
796 1214 1059 1298 utrique
1105 1235 1331 1279 eorum
1376 1217 1444 1278 et
1488 1234 1676 1277 carus
1721 1212 2001 1277 maxime
2047 1216 2116 1277 et
2158 1212 2468 1278 iucundus

457 1308 651 1370 esset.
738 1302 1005 1368 Ademit
1049 1300 1293 1366 Albino
1349 1301 1557 1365 soceri
1600 1321 1841 1366 nomen
1884 1321 2060 1365 mors
2104 1300 2312 1385 filiae,
2369 1300 2472 1365 sed

459 1392 800 1458 caritatem
858 1390 1035 1454 illius
1088 1387 1584 1453 necessitudinis
1643 1391 1712 1453 et
1774 1388 2290 1453 benivolentiam
2349 1408 2472 1453 non

461 1480 719 1545 ademit.
808 1477 1021 1542 Hodie
1068 1476 1163 1540 sic
1205 1476 1379 1541 hunc
1426 1475 1662 1561 diligit,
1705 1479 1784 1540 ut
1818 1497 1936 1541 vos
1979 1475 2297 1541 facillime
2340 1479 2472 1559 pot-

460 1567 619 1632 estis
659 1588 735 1630 ex
773 1566 899 1630 hac
926 1565 1027 1628 vel
1057 1564 1449 1629 adsiduitate
1478 1564 1618 1629 eius
1644 1563 1749 1629 vel
1775 1563 2213 1629 sollicitudine
2255 1568 2325 1629 et
2351 1578 2510 1628 mo·1

459 1654 657 1718 lestia
707 1653 1009 1718 iudicare.
1098 1651 1304 1716 Duxit
1355 1672 1624 1716 uxorem
1677 1655 1863 1735 patre
1906 1651 2055 1717 vivo
2110 1652 2372 1735 optumi
2412 1655 2472 1716 et

460 1740 1035 1807 calamitosissumi
1098 1739 1223 1804 viri
1286 1739 1522 1823 filiam,
1583 1737 1656 1803 L.
1723 1737 2062 1824 Scipionis.
2153 1738 2354 1805 Clara
2409 1739 2473 1803 in

458 1830 585 1894 hoc
628 1828 701 1892 P.
742 1827 915 1893 Sesti
959 1828 1171 1912 pietas
1218 1827 1441 1891 extitit
1487 1831 1556 1892 et
1592 1827 1894 1892 omnibus
1940 1831 2146 1912 grata,
2193 1828 2371 1911 quod
2413 1830 2473 1890 et

459 1916 823 1984 Massiliam
887 1916 1115 1982 statim
1176 1914 1507 2000 profectus
1571 1919 1704 2000 est,
1766 1918 1843 1981 ut
1906 1936 2201 1982 socerum
2269 1916 2472 1982 videre

463 2006 911 2089 consolarique
978 2008 1203 2088 posset
1263 2003 1571 2069 fluctibus
1631 2004 1726 2068 rei
1779 2003 2077 2088 publicae
2142 2006 2508 2088 expulsum!

461 2096 534 2159 in
579 2093 805 2158 alienis
852 2094 1044 2158 terris
1090 2092 1434 2177 iacentem,
1489 2113 1683 2176 quem
1727 2091 1798 2156 in
1842 2091 2160 2156 maiorum
2217 2113 2474 2158 suorum

462 2181 761 2268 vestigiis
816 2185 990 2246 stare
1046 2180 1416 2264 oportebat,
1480 2184 1548 2244 et
1593 2180 1675 2244 ad
1719 2201 1869 2244 eum
1919 2179 2126 2244 filiam
2180 2179 2324 2246 eius
2380 2179 2474 2244 ad-

464 2270 675 2353 duxit,
727 2272 804 2334 ut
847 2269 958 2333 ille
1011 2267 1342 2352 insperato
1399 2271 1665 2351 aspectu
1719 2268 2186 2351 complexuque
2242 2272 2305 2336 si
2353 2288 2476 2332 non

467 2379 722 2422 omnem
732 2408 749 2441 ,
813 2360 883 2422 at
936 2356 1223 2440 aliquam
1274 2359 1531 2440 partem
1584 2355 1896 2420 maeroris
1952 2355 2055 2419 sui
2114 2355 2475 2438 deponeret,

466 2449 535 2510 et
606 2444 905 2510 maximis
976 2449 1314 2528 praeterea
1386 2443 1798 2527 adsiduisque
1872 2442 2106 2509 officiis
2169 2447 2241 2508 et
2307 2443 2508 2507 illius²

467 2555 868 2616 aerumnam,
924 2533 1137 2616 quoad
1179 2531 1370 2616 vixit,
1423 2535 1492 2595 et
1533 2531 1706 2596 filiae
1761 2530 2181 2599 solitudinem
2235 2535 2478 2597 susten·

466 2621 654 2685 tavit.
741 2621 1019 2686 Possum
1078 2620 1288 2684 multa
1349 2619 1557 2684 dicere
1612 2620 1690 2684 de
1752 2619 2177 2702 liberalitate,
2241 2619 2324 2685 de
2378 2619 2478 2682 do-

468 2708 757 2774 mesticis
806 2708 1067 2791 officiis,
1123 2708 1199 2772 de
1245 2706 1587 2772 tribunatu
1631 2706 1930 2789 militari,
1977 2707 2054 2772 de
2098 2705 2478 2790 provinciali

466 2797 539 2862 in
591 2818 667 2862 eo
730 2796 1124 2881 magistratu
1178 2795 1602 2880 apstinentia3
1661 2796 1773 2860 sed
1826 2793 1990 2859 mihi
2045 2799 2194 2859 ante
2262 2795 2477 2860 oculos

470 2885 851 2950 obversatur
885 2883 980 2947 rei
1014 2883 1314 2967 publicae
1351 2882 1654 2968 dignitas,
1692 2903 1855 2966 quae
1881 2903 1984 2946 me
2014 2883 2096 2947 ad
2122 2903 2266 2948 sese
2295 2881 2508 2966 rapit‚¹

400 2993 433 3042 8
469 2974 631 3038 haec
694 2972 945 3037 minora
1008 2971 1369 3054 relinquere
1431 2970 1751 3035 hortatur.
1859 2969 2182 3046 Quaestor
2242 2970 2355 3036 hie
2417 2967 2481 3034 C.

469 3060 737 3144 Antoni,
782 3060 1067 3144 collegae
1113 3060 1259 3142 mei,
1304 3057 1565 3142 iudices,
1609 3057 1738 3122 fuit
1773 3061 1968 3141 sorte,
2013 3058 2125 3123 sed
2171 3059 2480 3123 societate

472 3148 892 3214 consiliorum
954 3167 1153 3210 meus.
1255 3143 1561 3228 Inpedior
1619 3165 1754 3211 non
1801 3144 2045 3211 nullius
2111 3144 2342 3230 officii,
2412 3147 2482 3210 ut

472 3256 593 3320 ego
640 3235 1049 3318 interpretor,
1093 3232 1425 3317 religione,
1473 3253 1600 3317 quo
1645 3233 1860 3298 minus
1899 3255 2218 3318 exponam
2225 3283 2246 3317 ,
2293 3253 2482 3318 quam

473 3323 682 3386 multa
725 3321 797 3386 P.
845 3320 1123 3403 Sestius,
1182 3341 1330 3384 cum
1383 3324 1556 3384 esset
1610 3343 1757 3387 cum
1813 3321 2066 3406 collega
2117 3342 2292 3406 me0,
2349 3343 2505 3386 sen-2

474 3409 652 3493 serit,
698 3410 779 3474 ad
824 3429 927 3472 me
965 3407 1290 3490 detulerit,
1336 3411 1579 3490 quanto
1618 3412 1768 3472 ante
1804 3409 2177 3491 providerit.
2269 3409 2484 3494 Atque

476 3515 599 3579 ego
654 3495 730 3560 de
774 3494 1063 3559 Antonio
1117 3494 1285 3558 nihil
1338 3495 1481 3560 dico
1544 3500 1800 3580 praeter
1852 3517 2080 3581 unum,
2131 3518 2488 3582 numquam
