2550 3875
693 676 789 749 M.
849 676 1139 750 'I'ULLI
1194 676 1695 751 CICERONIS

155 858 288 943 ‘IN
352 858 458 941 M.
526 856 1079 943 ANTONIUM
1143 858 1527 995 ΟΒᾼΤΙΟ
1592 860 2213 946 PHILIPPICA

906 1016 1488 1104 UNDECIMA.

895 1349 1481 1410 ARGUMENTUM.

322 1498 582 1555 Diximus
637 1499 921 1570 superiore
977 1502 1311 1571 argumento
1358 1499 1417 1556 C.
1466 1500 1745 1568 Cassium,
1802 1500 1893 1556 cui
1935 1500 2045 1555 hoc
2090 1502 2216 1556 erat

179 1568 600 1638 demandatum,
638 1571 706 1624 ut
731 1569 958 1653 Cretam
993 1574 1052 1626 et
1081 1571 1160 1640 Cy
1163 1587 1327 1625 renas
1364 1570 1439 1625 ad
1476 1571 1819 1626 frumentum
1848 1571 2210 1626 coemendum

178 1640 644 1723 proficisceretur,
681 1643 873 1711 potius
907 1642 967 1696 in
1004 1641 1357 1711 provinciam
1386 1641 1622 1711 Syriam,
1661 1658 1805 1710 quae
1842 1641 1898 1696 ei
1920 1642 2216 1725 provincia

178 1710 325 1766 actis
365 1712 424 1769 C.
465 1710 723 1768 Caesaris
775 1715 902 1767 erat
937 1713 1099 1780 data,
1146 1729 1206 1767 se
1244 1712 1553 1767 contulisse
1592 1728 1832 1783 eamque
1866 1714 2216 1782 provinciam

180 1798 506 1853 occupasse.
590 1784 814 1838 Interea
865 1800 938 1837 ne
991 1783 1053 1838 P.
1100 1784 1333 1852 quidem
1376 1783 1705 1853 Dolabella,
1761 1784 1855 1838 cui
1899 1786 2101 1853 postea
2147 1801 2216 1839 ea

178 1854 473 1936 provincia
509 1856 739 1909 auctore
765 1853 842 1909 M.
870 1854 1119 1909 Αιιιοιιιο
1149 1871 1184 1908 a
1213 1856 1413 1908 senatu
1443 1857 1568 1909 erat
1593 1854 1838 1936 decreta,
1876 1857 2215 1923 cessaverat,

181 1924 283 1980 sed
337 1924 451 1980 iter
495 1924 558 1981 in
601 1925 953 1996 provinciam
999 1928 1339 2006 susceperat.
1423 1924 1544 1992 Quo
1589 1924 1651 1980 in
1694 1924 1898 1980 itinere
1946 1943 2073 1981 cum
2118 1943 2213 1981 ve·

178 1996 402 2052 nissent
452 1997 515 2052 in
559 1997 756 2052 Asiam
801 1995 1175 2066 provinciam,
1232 1996 1452 2051 invenit
1493 1997 1576 2051 ibi
1623 1996 1678 2052 C.
1728 1996 2067 2051 Trebonium
2109 2014 2213 2068 pro

179 2069 437 2134 consule,
484 2067 584 2136 qui
629 2085 758 2124 cum
793 2067 868 2124 M.
906 2067 1082 2122 Bruto
1129 2071 1189 2122 et
1225 2067 1286 2121 C.
1326 2066 1521 2122 Cassio
1568 2069 1628 2121 et
1672 2066 1875 2122 ceteris
1921 2069 2119 2122 contra
2155 2066 2215 2124 C.

180 2137 479 2193 Caesarem
535 2139 942 2194 coniuraverat.
1023 2139 1079 2192 Is
1123 2138 1458 2193 Dolabellae
1509 2135 1722 2192 invitus
1776 2137 1889 2192 iter
1940 2154 2043 2220 per
2086 2155 2215 2220 pro·

178 2208 428 2264 vinciam
475 2226 635 2264 suam
679 2226 749 2265 ea
796 2209 1124 2265 condicione
1171 2209 1477 2277 concessit,
1524 2209 1591 2262 ut
1628 2207 1842 2278 oppida
1875 2208 2097 2263 munita
2130 2208 2214 2264 vi-

180 2281 350 2335 taret.
425 2278 538 2335 Sed
585 2298 711 2335 eum
748 2280 1016 2351 Zmyrnae
1053 2279 1113 2334 P.
1152 2279 1482 2334 Dolabella
1490 2294 1592 2348 per
1626 2278 1884 2333 fraudem
1918 2281 2091 2348 atque
2128 2279 2213 2334 in-

181 2349 358 2405 sidias
398 2352 758 2421 oppresserat
791 2353 962 2420 atque
998 2351 1383 2405 interfecerat.
1448 2349 1611 2416 Quod
1648 2367 1776 2404 cum
1811 2349 2025 2405 Romae
2054 2351 2214 2405 audi-

179 2423 305 2476 tum
343 2423 510 2489 esset,
549 2419 607 2477 C.
643 2421 829 2476 Pansa
866 2421 1205 2477 convocavit
1241 2423 1517 2488 senatum,
1555 2420 1616 2474 in
1652 2436 1765 2489 quo
1804 2421 1875 2475 de
1912 2436 1979 2476 eo
2017 2437 2215 2477 consu-

179 2491 314 2559 luit,
369 2508 539 2560 quem
591 2492 667 2546 ad
709 2492 941 2548 modum
984 2494 1176 2561 patres
1222 2463 1530 2560 conscripti
1577 2491 1636 2546 C.
1686 2490 1932 2547 Treboni
1975 2495 2217 2547 mortem

178 2561 378 2616 ulcisci
425 2564 708 2632 cuperent.
781 2563 855 2618 M.
894 2561 1087 2617 Cicero
1135 2579 1235 2617 suo
1272 2564 1401 2618 loco
1439 2559 1783 2617 sententiam
1817 2565 2051 2632 rogatus
2088 2579 2216 2618 cen-

182 2632 300 2687 suit
342 2632 520 2702 idem,
567 2632 720 2714 quod
765 2631 828 2699 Q.
874 2633 1064 2687 Fufius
1111 2633 1353 2688 Calenus
1399 2634 1533 2690 ante
1581 2648 1641 2686 se
1689 2636 2016 2701 censuerat,
2053 2635 2119 2688 ut
2154 2632 2216 2689 P.

180 2702 485 2759 Dolabella
506 2675 718 2758 hostis
771 2703 995 2785 patriae
1049 2702 1397 2757 iudicaretur
1449 2705 1620 2771 atque
1662 2703 1726 2756 id
1767 2703 2008 2771 bellum,
2066 2704 2219 2772 quod

183 2776 382 2828 conia-a
435 2790 565 2829 eum
611 2773 1029 2844 suscipiendum
1076 2776 1252 2841 esset,
1310 2773 1369 2830 C.
1417 2773 1610 2829 Cassio
1656 2772 1992 2828 traderetur.
2074 2773 2218 2827 Eam

182 2845 524 2899 sententiam
549 2844 624 2898 M.
657 2843 849 2900 Cicero
886 2844 1011 2913 hac,
1049 2860 1196 2913 quae
1231 2815 1384 2898 infra
1409 2844 1636 2915 legitur,
1675 2843 1931 2898 oratione
1957 2843 2217 2914 patribus

180 2916 517 2986 conscriptis
556 2915 930 2970 commendat.

313 3217 558 3305 Magno
613 3218 685 3282 in
739 3217 988 3302 dolore,
1040 3222 1262 3304 patres
1329 3218 1713 3302 conscripti,
1763 3217 1869 3283 vel
1923 3187 2278 3326 maerore}

177 3308 421 3394 potius,
458 3327 652 3407 quem
689 3328 769 3373 ex
805 3306 1050 3372 crudeli
1087 3310 1156 3372 et
1180 3306 1543 3372 miserabili
1570 3309 1785 3372 morte
1815 3304 1887 3372 C.
1914 3305 2219 3391 Treboni,

181 3395 418 3480 optimi
503 3394 662 3459 civis
737 3394 1372 3479 moderatissimique
1442 3395 1758 3480 hominis,
1831 3394 2221 3480 accepimuS‚

179 3485 354 3548 inest
417 3486 641 3547 tamen
704 3482 977 3568 aliquid,
1042 3483 1216 3567 quod
1279 3483 1375 3547 rei
1436 3484 1738 3568 publicae
1801 3482 2221 3568 profuturum

119 3589 151 3630 s
178 3576 420 3658 putem.
512 3569 972 3656 Perspeximus
1019 3571 1218 3656 enim,
1265 3574 1513 3655 quanta
1557 3571 1628 3635 ιιι
1672 3571 1775 3657 iis,
1827 3572 1941 3656 qui
1990 3576 2220 3638 contra
