2550 3875
878 170 1033 226 CAP.
1077 176 1285 225 13—16
1322 176 1352 237 s
1389 177 1616 225 28-32.
2135 172 2263 237 547

236 332 456 399 ‘victo’
513 333 679 397 nihil
735 332 981 398 laboro.
1073 332 1315 397 Fatum
1372 333 1545 397 enim
1599 356 1816 398 meum
1864 337 1963 400 est
2010 334 2149 400 sine
2197 356 2265 400 re

233 422 500 507 publica
542 443 663 486 nec
707 421 880 486 vinci
925 442 1118 505 posse
1163 443 1283 486 nec
1330 422 1603 486 vincere.
1697 422 2266 488 ‘Macedoniam

235 510 561 575 munitis
610 508 1132 574 exercitibus?
1207 509 1300 573 Et
1348 510 1609 592 quidem
1654 509 1847 574 fratri
1894 513 2028 594 tu0,
2076 511 2189 595 qui
2228 533 2267 574 a

117 651 132 666 .
235 598 424 664 vobis
461 597 628 661 nihil
666 598 1035 683 degenerat,
1073 598 1484 662 extorsimus.
1550 596 1927 663 ‘Africam
1958 600 2267 663 commi-

179 685 462 753 ssistis
510 685 717 751 Varo
764 685 886 750 bis
943 683 1212 769 capto?
1303 684 1432 751 Hic
1488 708 1635 750 cum
1684 684 1848 752 Gaio
1902 686 2107 751 fratre
2154 709 2267 771 pu-

235 778 342 838 tat
397 796 466 839 se
532 774 812 859 litigare.
914 772 1034 839 ‘In
1098 771 1398 857 Syriam
1466 772 1818 840 Cassium
1884 773 2264 839 misistis.’

235 861 391 927 Non
453 862 660 947 igitur
715 862 920 927 sentis
975 861 1129 927 huic
1185 883 1417 927 causae
1476 863 1701 926 orbem
1755 866 1967 927 terrae
2022 867 2266 948 patere,

236 955 303 1015 te
341 953 526 1015 extra
563 950 959 1015 munitiones
998 954 1165 1035 tuas,
1201 950 1555 1035 vestigium
1590 950 1704 1014 ubi
1741 951 2099 1035 imprimas,
2134 974 2266 1016 non

233 1039 522 1105 habere?
589 1037 942 1104 ‘Cascam
970 1038 1460 1103 tribunatum
1488 1060 1753 1124 gerere
1781 1039 1995 1122 passi
2026 1038 2263 1103 estis?
2286 1060 2350 1108 31

155 1157 208 1195 ιο
237 1124 408 1203 Quid
455 1127 658 1211 ergo?
712 1130 788 1191 ut
833 1126 1216 1209 Marullum,
1260 1130 1338 1191 ut
1383 1125 1755 1192 Caesetium
1803 1148 1842 1190 a
1886 1148 1956 1191 re
2002 1127 2267 1211 publica

235 1236 716 1280 removeremus
755 1236 921 1299 eum,
958 1236 1077 1298 per
1114 1236 1327 1299 quem,
1363 1218 1439 1278 ut
1475 1235 1684 1298 neque
1721 1214 1848 1280 hoc
1883 1215 2057 1278 idem
2084 1219 2261 1297 post-

231 1304 358 1368 hac
394 1324 603 1387 neque
641 1303 851 1367 multa
890 1303 1027 1367 eius
1065 1302 1243 1367 modi
1282 1303 1569 1367 accidere
1608 1307 1897 1387 possent,
1936 1302 2268 1368 consecuti

235 1392 506 1457 sumus?
553 1390 1039 1475 ‘Vectigalia
1064 1389 1380 1455 Iuliana
1405 1388 1785 1475 Lupercis
1815 1389 2266 1455 ademistis?

233 1480 679 1564 Lupercorum
725 1479 1122 1544 mentionem
1167 1477 1381 1543 facere
1428 1480 1623 1543 audet
1667 1501 1875 1563 neque
1922 1478 2101 1543 illius
2140 1477 2269 1543 diei

155 1594 208 1635 15
237 1568 621 1633 memoriam
674 1567 1141 1652 perhorrescit,
1197 1588 1326 1651 quo
1384 1588 1579 1631 ausus
1626 1571 1727 1631 est
1775 1568 2050 1632 obrutus
2096 1567 2268 1651 vin0,

235 1656 1136 1809 ᾘὲἓέἓὲἰέηΐέἐῗῖἰᾏῖῗῗέἑ
1146 1658 1534 1808 ἕθᾞῗῗέἓὲ
1544 1655 1869 1808 ἒὲἓῖῗὲ
1897 1655 2268 1808 1333&ssssss

235 1832 610 1897 deductas
655 1831 828 1916 lege
876 1836 952 1896 et
998 1835 1315 1895 senatus
1365 1831 1725 1896 consulto
1774 1830 2265 1897 sustulistis?

235 1919 378 1986 Nos
435 1920 819 1986 sustulimus
877 1942 960 1985 an
1015 1923 1244 1986 contra
1288 1920 1504 2006 legem
1552 1920 1835 1986 comitiis
1885 1919 2268 1986 centuriatis

155 2037 210 2076 20
235 2010 443 2074 latam
499 2009 875 2074 sanximus?
966 2007 1160 2091 Vide,
1213 2030 1296 2073 ne
1352 2013 1427 2072 tu
1478 2012 1821 2074 veteranos
1870 2013 2092 2072 tamen
2138 2029 2269 2093 eos,

239 2098 354 2182 qui
410 2101 598 2163 erant
651 2097 918 2182 perditi,
974 2096 1331 2180 perdideris
1378 2097 1449 2160 in
1494 2119 1769 2181 eumque
1813 2097 2032 2161 locum
2076 2097 2269 2161 dedu-

234 2185 428 2269 xeris,
475 2207 554 2250 ex
600 2207 726 2270 quo
773 2184 903 2269 ipsi
947 2185 1080 2250 iam
1123 2185 1418 2249 sentiunt
1456 2207 1524 2250 se
1561 2206 1920 2269 numquam
1958 2185 2267 2250 exituros

238 2273 904 2339 ‘Massiliensibus
951 2273 1117 2338 iure
1164 2273 1357 2338 belli
1404 2273 1768 2356 adempta
1818 2273 2264 2338 reddituros
2287 2295 2353 2342 32

234 2384 372 2427 vos
453 2360 984 2446 pollicemini?
1101 2360 1290 2426 Nihil
1373 2362 1636 2446 disputo
1718 2362 1796 2426 de
1882 2361 2020 2426 iure
2108 2362 2266 2426 belli

155 2478 208 2518 »ὅ
238 2448 480 2537 (magis
536 2449 747 2514 facilis
803 2449 1162 2533 disputatio
1219 2453 1321 2514 est
1377 2470 1575 2533 quam
1626 2447 2051 2536 necessaria);
2105 2450 2267 2513 illud

235 2543 458 2604 tamen
504 2538 1019 2621 animadvertite,
1064 2542 1286 2621 patres
1334 2538 1706 2622 conscripti,
1754 2561 1948 2623 quam
1988 2538 2077 2602 sit
2114 2537 2268 2602 huic

236 2627 332 2692 rei
357 2680 362 2684 .
386 2627 684 2710 publicae
738 2629 933 2691 natus
987 2625 1202 2690 hostis
1251 2625 1607 2710 AntoniuS,
1663 2627 1775 2710 qui
1829 2630 2016 2690 tanto
2074 2644 2267 2707 opere

237 2737 382 2780 eam
446 2715 782 2779 civitatem
842 2713 1078 2796 oderit,
1158 2734 1356 2797 quam
1412 2715 1540 2779 scit
1596 2714 1748 2778 huic
1812 2714 1907 2777 rei
1967 2712 2267 2796 publicae

239 2825 493 2888 semper
548 2803 749 2867 fuisse
806 2802 1289 2867 amicissimam.
1383 2801 1814 2867 ‘Neminem
1868 2801 2267 2883 Pompeia·
2295 2803 2373 2866 16

155 2913 438 2970 sonum,
494 2891 624 2975 qui
678 2891 920 2973 vivat,
975 2891 1228 2956 teneri
1284 2890 1457 2974 lege
1503 2888 1775 2953 Hirtia
1823 2888 2267 2953 dictitatis?

239 2981 434 3063 Quis,
503 3001 773 3064 quaem,
846 2979 978 3043 iam
1045 2978 1213 3064 legis
1276 2977 1534 3042 Hirtiae
1600 2977 1999 3040 mentionem
2062 2976 2268 3041 facit?

238 3069 420 3134 cuius
475 3089 610 3133 non
662 3067 877 3133 minus
936 3067 1222 3131 arbitror
1276 3066 1557 3131 latorem
1612 3066 1828 3149 ipsum
1884 3085 2080 3148 quam
2138 3086 2269 3150 eos,

237 3157 315 3222 de
372 3155 606 3241 quibus
661 3155 798 3220 lata
853 3159 981 3239 est,
1034 3155 1386 3239 paenitere.
1478 3153 1758 3219 Omnino
1805 3175 1952 3218 mea
2007 3151 2270 3237 quidem

239 3244 565 3310 sententia
608 3243 823 3329 legem
867 3243 1050 3307 illam
1098 3243 1427 3327 appellare
1464 3241 1563 3305 fas
1599 3263 1733 3305 non
1769 3245 1890 3324 est,
1936 3243 2021 3326 et,
2066 3245 2142 3306 ut
2180 3241 2271 3305 sit

154 3360 210 3401 85
237 3333 370 3417 lex,
423 3354 557 3397 non
613 3333 921 3397 debemus
977 3331 1162 3395 illam
1207 3330 1391 3394 Hirti
1436 3330 1649 3414 legem
1693 3333 1941 3413 putare.
2036 3327 2270 3413 ‘Apu-

236 3421 497 3486 leiana
548 3421 877 3504 pecunia
921 3418 1247 3484 Brutum
1303 3417 1844 3483 subornastis?
1939 3417 2154 3494 Quid?
2212 3417 2269 3482 si

239 3509 543 3575 omnibus
611 3508 745 3573 suis
811 3507 1016 3590 copiis
1077 3507 1501 3572 excellentem
1561 3505 1773 3571 virum
1836 3527 1940 3570 res
2005 3505 2269 3591 publica

1836 3610 1945 3664 35*
