2550 3875
819 160 973 216 GAP.
1015 170 1222 218 11—-13
1261 169 1293 227 ,ε
1330 169 1557 220 27—32.
2111 165 2247 229 385
2279 214 2286 221 .

205 321 614 406 suspicatum
651 323 901 408 aliquid
938 324 1317 410 suspicaris3
1360 325 1493 409 ille,
1538 323 1651 409 qui
1689 311 2051 392 stillantem
2086 348 2244 411 prae

207 429 279 473 se
324 409 680 496 pugionem
726 412 910 494 tulit,
963 411 1025 477 is
1070 435 1110 477 a
1154 417 1220 478 te
1263 413 1534 479 honoris
1580 435 1777 480 causa
1819 412 2241 479 nominatur?

206 497 406 582 Esto,
461 499 551 562 sit
605 500 675 564 in
727 499 944 564 verbis
990 500 1124 566 tuis
1169 500 1278 566 hic
1324 505 1583 586 stupor3
1640 505 1884 587 quanto
1928 502 2001 566 in
2044 503 2241 568 rebus

209 585 682 671 sententiisque
718 589 954 653 maior!
1028 587 1377 654 Constitue
1408 589 1553 673 hoc,
1592 590 1835 674 consul,
1874 590 2242 675 aliquando,

143 689 176 730 ⁵
209 673 596 758 Brutorum,
642 673 712 742 O.
760 674 974 761 Cassi,
1021 674 1136 743 On.
1181 677 1454 762 Domiti,
1501 677 1570 742 G.
1616 677 1917 762 Treboni,
1963 678 2241 762 reliquo-

209 783 359 826 rum
413 784 610 847 quam
663 763 826 828 velis
883 786 1025 830 esse
1083 787 1374 850 causam3
1430 763 1678 852 edormi
1733 767 2093 851 crapulam,
2145 767 2241 832 in-

211 872 438 934 quam,
493 855 560 915 et
616 852 863 916 exhala.
952 852 1062 918 An
1113 853 1288 918 faces
1346 853 1781 932 admovendae
1836 859 2018 939 sunt,
2117 877 2239 920 uae

213 939 336 1018 [te]
409 939 698 1006 excitent
769 944 994 1006 tantae
1069 945 1302 1007 causae
1374 940 1920 1016 indormientem?
2102 954 2240 1007 um-

209 1047 490 1110 quamne
553 1027 896 1115 intelleges
961 1031 1379 1095 statuendum
1434 1028 1562 1093 tibi
1614 1051 1784 1114 esse,
1847 1033 2068 1095 utrum
2119 1030 2239 1114 illi,

111 1131 180 1170 ιο
209 1114 324 1198 qui
377 1114 577 1180 istam
621 1138 761 1181 rem
807 1122 1176 1203 gesserunt,
1230 1117 1594 1182 homicidae
1641 1117 1775 1182 sint
1820 1139 1906 1182 an
1948 1117 2236 1184 vindices
2265 1167 2343 1230 13

206 1203 585 1268 libertatis?
685 1204 971 1270 Attende
1026 1206 1200 1272 enim
1253 1206 1586 1291 paulisper
1638 1205 2237 1291 cogitationemque
2260 1265 2327 1313 31

209 1291 418 1355 sobrii
471 1291 758 1358 hominis
813 1298 1129 1377 punctum
1172 1295 1489 1378 temporis
1536 1293 1808 1378 suscipe.
1896 1293 2071 1380 Ege,
2128 1294 2241 1378 qui

209 1400 358 1442 sum
393 1379 677 1465 illorum,
721 1384 799 1445 ut
833 1380 975 1465 ipse
1010 1382 1241 1467 fateor,
1285 1381 1648 1466 familiaris,
1688 1385 1765 1446 ut
1798 1404 1843 1446 a
1879 1386 1945 1447 te
1984 1398 2263 1468 arguor,

209 1466 456 1550 socius,
517 1489 688 1554 nego
754 1469 1104 1554 quiequam
1167 1491 1309 1534 esse
1364 1471 1675 1554 medium3
1740 1470 2056 1536 confiteor
2110 1493 2240 1554 eos,

121 1571 181 1612 15
208 1555 343 1620 nisi
378 1554 794 1658 ‘liberatores
857 1557 1085 1642 populi
1138 1557 1421 1623 Romani
1477 1562 2089 1643 conservatoresque
2144 1559 2241 1624 rei

205 1643 1737 1820 {3225ss1sgnsszia1zluzu‘ffiaffiffigz⁷,2225
1770 1647 2240 1818 εἷὲἓέθὲοῗέι

208 1819 500 1885 atrocius
555 1821 807 1904 patriae
861 1825 1199 1907 parentem
1254 1844 1452 1906 quam
1506 1844 1695 1887 suum
1740 1822 2049 1888 occidere.
2139 1823 2240 1888 'Pu

205 1908 409 1973 homo
466 1909 724 1993 sapiens
781 1913 849 1975 et
903 1910 1336 1995 considerate,
1392 1909 1549 1995 quid
1604 1910 1811 1977 dicis?
1913 1909 1985 1975 Si
2037 1912 2241 1996 parri-

123 2015 182 2053 20
211 1996 420 2080 cidas,
475 2018 591 2063 cur
641 1998 911 2064 honoris
970 2021 1166 2065 causa
1219 2022 1258 2063 a
1304 2004 1371 2063 te
1418 2003 1572 2064 sunt
1618 2004 1685 2064 et
1728 1998 1800 2063 in
1842 1999 1968 2064 hoc
2014 2000 2240 2065 ordine

209 2089 280 2150 et
343 2086 515 2169 apud
577 2087 892 2170 populum
955 2087 1325 2153 Romanum
1387 2108 1643 2171 semper
1705 2087 2062 2171 appellati?
2127 2110 2241 2153 cur

207 2172 298 2238 M.
335 2172 581 2238 Brutus
628 2174 947 2240 referente
993 2180 1060 2240 te
1105 2175 1365 2261 legibus
1404 2179 1507 2240 est
1542 2176 1816 2259 solutus,
1862 2176 1919 2240 si
1957 2176 2039 2240 ab
2076 2178 2247 2256 urbe,

206 2263 357 2346 plus
415 2283 611 2345 quam
656 2260 875 2328 decem
925 2263 1060 2328 dies
1107 2264 1425 2329 afuisset?
1481 2274 1595 2328 cur
1638 2263 1777 2328 ludi
1820 2262 2259 2347 Apollinares·

206 2350 576 2415 incredibili
621 2350 708 2415 M.
755 2350 947 2417 Bruti
999 2352 1246 2418 honore
1302 2352 1655 2417 celebrati?
1711 2374 1824 2417 cur
1867 2352 2239 2435 provinciae

126 2456 180 2495 25
209 2437 448 2523 Bruto,
506 2437 733 2504 Cassio
781 2439 998 2524 datae,
1045 2462 1160 2505 cur
1205 2445 1583 2524 quaestores
1631 2439 1861 2524 additi,
1907 2462 2023 2506 cur
2065 2442 2239 2526 lega-

208 2531 430 2591 torum
499 2548 808 2592 numerus
883 2529 1157 2593 auctus?
1264 2527 1474 2611 Atqui
1534 2528 1696 2594 haec
1760 2532 1910 2594 acta
1970 2551 2089 2613 per
2152 2534 2236 2595 te.

210 2613 364 2680 Non
417 2614 624 2699 igitur
675 2615 1052 2681 homicidas.
1154 2614 1490 2699 Sequitur,
1544 2620 1621 2693 ut
1672 2616 2060 2681 liberatores
2119 2621 2237 2681 tuo

208 2700 469 2786 iudicio,
507 2704 1027 2787 quandoquidem
1062 2704 1333 2768 tertium
1376 2704 1543 2769 nihil
1579 2708 1800 2788 potest
1833 2702 1993 2769 esse.
2065 2703 2235 2780 Quid
2258 2720 2327 2767 32

213 2790 366 2873 est?
426 2813 585 2856 num
647 2792 966 2857 conturbo
1031 2792 1142 2856 te?
1251 2790 1404 2857 Non
1469 2792 1643 2857 enim
1709 2791 1991 2856 fortasse
2057 2791 2238 2875 satis,

129 2896 184 2936 80
213 2898 376 2963 quae
424 2879 774 2945 diiunctius
821 2879 1150 2965 dicuntur,
1199 2880 1549 2965 intellegis.
1642 2878 1769 2944 Sed
1814 2883 2035 2944 tamen
2077 2879 2238 2944 haec

213 2988 466 3032 summa
519 2972 622 3031 est
677 2968 1110 3033 conclusionis
1139 2978 1375 3051 'meae‚
1431 2966 1740 3051 quoniam
1795 2966 2035 3031 scelere
2087 2989 2127 3031 a
2170 2972 2237 3031 te

210 3056 474 3120 liberati
531 3060 710 3139 sunt,
774 3056 856 3121 ab
905 3056 1131 3120 eodem
1176 3054 1597 3140 amplissimis
1643 3053 1951 3139 praemiis
2000 3054 2238 3139 dignis-

140 3212 150 3223 ,
211 3143 413 3209 simos
459 3143 799 3208 iudicatos.
879 3142 1111 3227 Itaque
1157 3143 1290 3208 iam
1334 3148 1559 3208 retexo
1608 3142 1973 3208 orationem
2008 3165 2237 3207 meam.

214 3231 512 3297 Scribam
569 3232 649 3296 ad
701 3229 1040 3315 illos,'ut,
1095 3231 1152 3296 si
1207 3230 1321 3315 qui
1374 3231 1572 3314 forte,
1632 3230 1806 3315 quod
1860 3253 1899 3294 a
1953 3234 2019 3295 te
2076 3231 2238 3295 mihi

131 3336 184 3377 ³5
213 3320 544 3385 obiectum
598 3323 726 3403 est,
781 3322 1094 3403 quaerent
1149 3320 1319 3384 sitne
1374 3342 1627 3403 verum,
1680 3340 1763 3383 ne
1818 3318 1921 3384 cui
1976 3323 2238 3404 negent.

209 3407 478 3473 Etenim
541 3427 794 3491 vereor,
853 3429 935 3471 ne
1002 3410 1115 3472 aut
1179 3407 1465 3472 celatum
1526 3426 1629 3473 me
1693 3406 1826 3471 illis
1889 3407 2050 3490 ipsis
2105 3429 2239 3471 non

209 3496 560 3561 honestum
597 3498 710 3559 aut
738 3496 1088 3560 invitatum
1114 3495 1434 3579 refugisse
1463 3495 1626 3560 mihi
1655 3495 1743 3559 sit
1770 3496 2237 3579 turpissimum.

321 3607 520 3649 o10.11.
547 3609 586 3649 a.
1846 3602 1917 3651 25
