2550 3875
390 164 527 228 400
670 162 751 216 IN
788 163 863 217 M.
899 161 1296 218 ANTONIUM
1333 159 1600 218 ORATIO
1636 161 2049 217 PHILIPPICA
2084 162 2158 217 Π.

392 347 527 390 11011
571 324 798 409 multa,
838 344 1049 407 ‘eaque
1094 324 1452 408 maculosa,
1499 323 1789 388 eiusdem
1835 322 2157 408 quaedam
2201 345 2450 410 argen-

393 418 504 479 tea
566 434 722 477 vasa
780 412 1057 495 conlisa,
1120 412 1456 478 sordidata
1511 411 1863 496 mancipia,
1926 417 2005 478 ut
2058 412 2444 479 doleremus

397 501 746 585 quicquam
784 522 927 565 esse
965 522 1045 564 ex
1080 499 1214 564 illis
1252 499 1566 584 reliquiis,
1605 500 1779 584 quod
1815 499 2034 565 videre
2061 521 2442 584 possemus,

230 619 237 627 ·
304 601 375 650 74
393 589 581 654 Hanc
655 593 879 653 tamen
948 589 1318 653 auctionem
1389 587 1660 653 heredes
1732 586 1806 652 L.
1874 587 2120 654 Rubri
2163 589 2439 654 decreto

393 676 690 742 Caesaris
735 675 1229 761 prohibuerunt.
1313 675 1651 741 Haerebat
1692 675 1964 761 nebulo;
2010 698 2139 761 quo
2178 698 2250 741 se
2289 697 2438 742 ver-
2492 700 2516 740 s

391 769 595 850 teret,
638 787 771 830 non
815 764 1137 830 habebat:
1212 762 1388 840 Quin
1430 763 1536 828 his
1581 764 1744 848 ipsis
1791 765 2200 848 temporibus
2251 764 2438 829 domi

390 852 691 918 Caesaris
746 874 1095 937 percussor
1148 854 1232 919 ab
1289 853 1421 917 isto
1477 851 1716 917 missus
1773 851 2214 937 deprehensus
2263 853 2437 918 dice-

389 941 588 1005 batur
633 962 775 1008 esse
822 962 970 1006 cum
1018 941 1179 1026 sica3
1224 941 1304 1006 de
1353 962 1480 1024 quo
1519 938 1760 1006 Caesar
1804 939 1876 1005 in
1920 944 2154 1006 senatu
2200 945 2435 1024 aperte

314 1071 317 1074 -
389 1029 461 1094 in
496 1033 590 1094 'te
646 1028 957 1093 invehens
1015 1033 1286 1112 questus
1343 1032 1462 1093 est.
1561 1027 2010 1093 Proficiscitur
2063 1029 2134 1093 in
2189 1027 2434 1113 Hispa-

387 1117 567 1182 niam
624 1115 864 1182 Caesar
925 1118 1151 1201 paucis
1206 1116 1334 1181 tibi
1389 1117 1471 1180 ad
1527 1116 1908 1182 solvendum
1963 1121 2237 1201 propter
2293 1118 2432 1182 ino-
2462 1141 2510 1180 ιο

387 1205 568 1289 piam
596 1210 780 1270 tuam
806 1205 1183 1289 prorogatis
1213 1205 1458 1270 diebus.
1518 1201 1622 1269 Ne
1650 1208 1794 1269 tum
1823 1204 2085 1289 quidem
2113 1206 2431 1289 sequeris.

386 1293 552 1358 Tam
606 1294 818 1358 bonus
870 1293 1202 1378 gladiator
1246 1293 1475 1358 rudem
1520 1297 1661 1357 tam
1706 1292 1885 1358 cito?
1975 1291 2172 1358 Hunc
2217 1293 2440 1379 igitur-

388 1382 754 1466 quisquam,
802 1381 915 1464 qui
951 1381 1023 1445 in
1057 1380 1193 1446 suis
1230 1381 1550 1464 partibus,
1596 1381 1665 1444 id
1700 1385 1802 1446 est
1837 1381 1908 1445 in
1943 1381 2081 1445 suis
2118 1380 2431 1467 fortunis,

387 1474 527 1533 tam
573 1469 842 1533 timidus
888 1467 1105 1553 fuerit,
1149 1469 1574 1552 pertimescat
1589 1469 1623 1533 *Ρ

282 1540 369 1604 30
520 1556 865 1621 Profectus
911 1560 1014 1622 est
1050 1557 1402 1641 aliquando
1438 1556 1702 1621 tandem
1738 1557 1809 1622 in
1843 1555 2264 1642 Hispaniam3
2309 1559 2425 1623 sed
2453 1580 2501 1620 15

298 1630 367 1680 75
387 1647 563 1728 tuto,
626 1648 703 1709 ut
768 1644 888 1727 ait,
951 1645 1289 1729 pervenire
1343 1666 1477 1710 non
1529 1645 1769 1728 potuit.
1871 1644 2171 1721 Quonam
2227 1647 2425 1711 modo

386 1732 593 1816 igitur
648 1731 994 1796 Dolabella
1046 1733 1390 1817 pervenit?
1480 1736 1620 1797 Aut
1662 1754 1798 1797 non
1842 1733 2257 1818 suscipienda
2299 1734 2427 1798 fuit

386 1820 518 1884 ista
572 1841 792 1905 causa,
847 1819 1125 1904 Antoni,
1173 1825 1313 1905 aut,
1361 1842 1509 1886 cum
1556 1821 1980 1905 suscepisses,
2027 1821 2425 1887 defendenda

384 1929 590 1994 usque
674 1909 755 1973 ad
826 1912 1231 1975 extremum..
1317 1907 1444 1976 Ter
1508 1909 1906 1995 depugnavit
1969 1908 2212 1976 Caesar
2276 1933 2420 1977 cum

386 1998 656 2081 civibus,
693 1998 763 2061 in
789 1996 1146 2079 Thessalia,
1174 1996 1418 2080 Africa,
1446 1996 1784 2082 Hispania.
1861 1997 2182 2064 Omnibus
2215 1999 2420 2064 adfuit
2447 2022 2496 2060 πο

384 2084 489 2150 his
555 2086 793 2171 pugnis
857 2084 1231 2169 Dolabella,
1306 2086 1378 2150 in
1439 2084 1859 2170 Hispaniensi
1923 2087 2126 2151 etiam
2189 2088 2419 2152 vulnus

387 2174 656 2257 accepit.
740 2172 811 2237 Si
850 2174 927 2237 de
965 2195 1110 2238 meo
1148 2174 1389 2239 iudicio
1430 2174 1707 2258 quaeris,
1741 2174 2013 2259 nollem3
2050 2176 2163 2239 sed
2203 2180 2418 2241 tamen

387 2262 732 2325 consilium
778 2282 819 2324 a
853 2261 1067 2344 primo
1106 2262 1730 2346 reprehendendum,
1766 2262 2089 2327 laudanda
2127 2268 2417 2329 constan-

387 2348 499 2411 tia.
592 2346 691 2412 Tu
746 2370 899 2413 vero
958 2349 1113 2433 quid
1169 2350 1284 2413 es‘?
1376 2348 1494 2429 Gn.
1537 2349 1810 2434 Pompei
1865 2350 2058 2415 liberi
2105 2356 2251 2417 tum
2294 2352 2416 2436 pri-

385 2458 565 2500 mum
610 2437 894 2519 patriam
940 2437 1342 2521 repetebant.
1433 2437 1628 2521 Est0,
1682 2438 1883 2503 fuerit
1926 2439 2089 2504 haec
2134 2441 2416 2523 partium
2440 2460 2483 2501 2⁵

386 2546 583 2588 causa
638 2525 1018 2589 communis.
1111 2524 1524 2609 Repetebant
1569 2530 1907 2610 praeterea
1953 2526 2106 2592 deos
2151 2529 2414 2612 patrioe,
2528 2580 2529 2583 η

385 2633 551 2695 aras,
578 2611 781 2697 focos,
807 2613 1013 2677 larem
1044 2630 1235 2677 suum
1261 2612 1674 2698 familiarem,
1701 2615 1772 2679 in
1792 2636 1954 2698 quae
1975 2619 2052 2679 tu
2069 2616 2411 2681 invaseras.
2527 2657 2529 2710 ἱ

383 2699 566 2765 Haec
630 2722 778 2765 cum
831 2704 1129 2783 peterent
1184 2702 1384 2765 armis
1440 2702 1517 2787 ii,
1582 2723 1860 2785 quorum
1915 2707 2105 2767 erant
2158 2704 2409 2790 legibus

384 2785 539 2872 (etsi
594 2789 667 2852 in
720 2788 915 2852 rebus
972 2789 1404 2873 iniquissimis
1461 2790 1616 2873 quid
1661 2795 1885 2875 potest
1931 2812 2074 2856 esse
2140 2792 2412 2877 aequi?),

382 2880 605 2940 tamen
642 2897 836 2959 quem
872 2881 1015 2941 erat
1052 2877 1521 2960 aequissimum
1557 2882 1788 2943 contra
1816 2876 1932 2944 Cn.
1951 2879 2236 2963 ,Pompei
2264 2881 2410 2945 libe-
2433 2900 2478 2940 (ιο

298 2985 364 3033 76
384 2985 493 3028 ros
521 2984 832 3048 pugnare,
871 2965 1109 3048 quem?
1163 2963 1254 3029 Te
1285 2964 1624 3031 sectorem.
1673 2965 1798 3050 An,
1827 2989 1976 3033 cum
2005 2971 2082 3031 tu
2109 2967 2409 3033 Narbone
2525 2962 2527 3045 ἰ

382 3073 641 3116 mensas
686 3052 1025 3135 hospitum
1073 3072 1510 3137 convomeres,
1547 3052 1897 3119 Dolabella
1933 3077 2055 3140 pro
2095 3060 2162 3120 te
2199 3056 2269 3120 in
2303 3055 2410 3121 Hi-

387 3140 616 3222 spania
661 3139 1051 3203 dimicaret?

280 3234 391 3301 (76)
527 3226 654 3301 Qui
700 3249 852 3292 vero
900 3226 1209 3293 Narbone
1252 3226 1536 3293 reditus!
1619 3230 1848 3295 Etiam
1885 3232 2259 3317 quaerebat,
2303 3255 2408 3297 cur

386 3334 510 3398 ego
568 3336 647 3377 ex
703 3315 847 3398 ipso
906 3336 1099 3379 cursu
1145 3320 1285 3380 tam
1333 3317 1552 3382 subito
1600 3319 2034 3383 revertissem.
2122 3320 2404 3404 Exposui
2429 3337 2474 3378 ³⁵

385 3422 618 3484 nuper,
664 3405 884 3483 patres
934 3404 1317 3488 conscripti,
1362 3426 1626 3469 causam
1671 3407 1918 3472 reditus
1965 3407 2110 3472 mei.
2201 3408 2406 3492 Volui,

389 3507 447 3548 s1
482 3508 759 3572 possem,
808 3490 1008 3553 etiam
1042 3495 1200 3555 'ante
1237 3490 1566 3558 Kalendas
1603 3493 1941 3561 Ianuarias
1978 3495 2284 3580 prodesse
2315 3498 2402 3561 rei
