<?xml version="1.0" encoding="UTF-8"?>
<!DOCTYPE html PUBLIC "-//W3C//DTD XHTML 1.0 Transitional//EN"
    "http://www.w3.org/TR/xhtml1/DTD/xhtml1-transitional.dtd">
<html xmlns="http://www.w3.org/1999/xhtml" xml:lang="en" lang="en">
 <head>
  <title>
</title>
<meta http-equiv="Content-Type" content="text/html;charset=utf-8" />
  <meta name='ocr-system' content='tesseract 3.04.00' />
  <meta name='ocr-capabilities' content='ocr_page ocr_carea ocr_par ocr_line ocrx_word'/>
</head>
<body>
  <div class='ocr_page' id='page_1' title='image "./scriptaquaemans00mlgoog_0572.png"; bbox 0 0 2550 3875; ppageno 0'>
   <div class='ocr_carea' id='block_1_1' title="bbox 323 167 2371 236">
    <p class='ocr_par' dir='ltr' id='par_1_1' title="bbox 323 167 2371 236">
     <span class='ocr_line' id='line_1_1' title="bbox 323 167 2371 236; baseline 0 -11"><span class='ocrx_word' id='word_1_1' title='bbox 323 172 456 236; x_wconf 87' lang='lat'><strong>436</strong></span> <span class='ocrx_word' id='word_1_2' title='bbox 538 172 621 225; x_wconf 77' lang='lat' dir='ltr'><strong>m</strong></span> <span class='ocrx_word' id='word_1_3' title='bbox 658 171 734 225; x_wconf 83' lang='lat' dir='ltr'><strong>M.</strong></span> <span class='ocrx_word' id='word_1_4' title='bbox 780 169 1173 224; x_wconf 75' lang='lat' dir='ltr'>ANTOMUM</span> <span class='ocrx_word' id='word_1_5' title='bbox 1219 169 1335 225; x_wconf 70' lang='lat' dir='ltr'><strong>on</strong></span> <span class='ocrx_word' id='word_1_6' title='bbox 1383 169 1567 225; x_wconf 74' lang='lat' dir='ltr'><strong>pm.</strong></span> <span class='ocrx_word' id='word_1_7' title='bbox 1606 169 1702 227; x_wconf 87' lang='lat' dir='ltr'><strong>1v.</strong></span> <span class='ocrx_word' id='word_1_8' title='bbox 1785 167 1940 224; x_wconf 80' lang='lat' dir='ltr'>CAP.</span> <span class='ocrx_word' id='word_1_9' title='bbox 1984 176 2018 224; x_wconf 74' lang='grc' dir='ltr'>ο</span> <span class='ocrx_word' id='word_1_10' title='bbox 2055 175 2088 236; x_wconf 66' lang='lat'>5</span> <span class='ocrx_word' id='word_1_11' title='bbox 2129 175 2371 228; x_wconf 73' lang='lat'>14-16.</span> 
     </span>
    </p>
   </div>
   <div class='ocr_carea' id='block_1_2' title="bbox 239 331 2550 2604">
    <p class='ocr_par' dir='ltr' id='par_1_2' title="bbox 322 331 2461 770">
     <span class='ocr_line' id='line_1_2' title="bbox 322 331 2371 417; baseline -0.001 -18"><span class='ocrx_word' id='word_1_12' title='bbox 322 334 391 399; x_wconf 90' lang='lat' dir='ltr'><strong>id</strong></span> <span class='ocrx_word' id='word_1_13' title='bbox 438 338 541 398; x_wconf 92' lang='lat' dir='ltr'><strong>est</strong></span> <span class='ocrx_word' id='word_1_14' title='bbox 587 331 765 399; x_wconf 86' lang='lat' dir='ltr'><strong>orbis</strong></span> <span class='ocrx_word' id='word_1_15' title='bbox 812 335 1026 397; x_wconf 86' lang='lat' dir='ltr'><strong>terrae</strong></span> <span class='ocrx_word' id='word_1_16' title='bbox 1074 331 1449 415; x_wconf 90' lang='lat' dir='ltr'><strong>consilium,</strong></span> <span class='ocrx_word' id='word_1_17' title='bbox 1493 331 1705 397; x_wconf 87' lang='lat' dir='ltr'><strong>delere</strong></span> <span class='ocrx_word' id='word_1_18' title='bbox 1751 331 1975 417; x_wconf 87' lang='lat' dir='ltr'><strong>gestit,</strong></span> <span class='ocrx_word' id='word_1_19' title='bbox 2020 331 2164 416; x_wconf 89' lang='lat' dir='ltr'><strong>ipse</strong></span> <span class='ocrx_word' id='word_1_20' title='bbox 2213 353 2371 396; x_wconf 85' lang='lat' dir='ltr'><strong>con-</strong></span> 
     </span>
     <span class='ocr_line' id='line_1_3' title="bbox 325 419 2369 505; baseline -0.001 -19"><span class='ocrx_word' id='word_1_21' title='bbox 325 421 549 487; x_wconf 86' lang='lat' dir='ltr'><strong>silium</strong></span> <span class='ocrx_word' id='word_1_22' title='bbox 592 421 929 505; x_wconf 90' lang='lat' dir='ltr'><strong>publicum</strong></span> <span class='ocrx_word' id='word_1_23' title='bbox 970 421 1227 485; x_wconf 91' lang='lat' dir='ltr'><strong>nullum</strong></span> <span class='ocrx_word' id='word_1_24' title='bbox 1271 420 1504 505; x_wconf 85' lang='lat' dir='ltr'><strong>habet3</strong></span> <span class='ocrx_word' id='word_1_25' title='bbox 1549 419 1872 486; x_wconf 87' lang='lat' dir='ltr'><strong>aerarium</strong></span> <span class='ocrx_word' id='word_1_26' title='bbox 1917 424 2215 486; x_wconf 84' lang='lat' dir='ltr'><strong>vestrum</strong></span> <span class='ocrx_word' id='word_1_27' title='bbox 2255 441 2369 484; x_wconf 86' lang='lat' dir='ltr'><strong>ex-</strong></span> 
     </span>
     <span class='ocr_line' id='line_1_4' title="bbox 322 507 2370 593; baseline -0.001 -19"><span class='ocrx_word' id='word_1_28' title='bbox 322 509 565 593; x_wconf 87' lang='lat' dir='ltr'><strong>hausit,</strong></span> <span class='ocrx_word' id='word_1_29' title='bbox 612 531 804 574; x_wconf 90' lang='lat' dir='ltr'><strong>suum</strong></span> <span class='ocrx_word' id='word_1_30' title='bbox 846 530 982 574; x_wconf 92' lang='lat' dir='ltr'><strong>non</strong></span> <span class='ocrx_word' id='word_1_31' title='bbox 1024 509 1255 593; x_wconf 86' lang='lat' dir='ltr'><strong>habet3</strong></span> <span class='ocrx_word' id='word_1_32' title='bbox 1297 530 1453 573; x_wconf 93' lang='lat' dir='ltr'><strong>nam</strong></span> <span class='ocrx_word' id='word_1_33' title='bbox 1498 507 1911 573; x_wconf 78' lang='lat' dir='ltr'><strong>concordiam</strong></span> <span class='ocrx_word' id='word_1_34' title='bbox 1956 507 2198 574; x_wconf 83' lang='lat' dir='ltr'><strong>civium</strong></span> <span class='ocrx_word' id='word_1_35' title='bbox 2245 509 2370 591; x_wconf 90' lang='lat' dir='ltr'><strong>qui</strong></span> 
     </span>
     <span class='ocr_line' id='line_1_5' title="bbox 322 596 2366 681; baseline -0.001 -19"><span class='ocrx_word' id='word_1_36' title='bbox 322 598 565 662; x_wconf 87' lang='lat' dir='ltr'><strong>habere</strong></span> <span class='ocrx_word' id='word_1_37' title='bbox 628 601 879 681; x_wconf 92' lang='lat' dir='ltr'><strong>potest,</strong></span> <span class='ocrx_word' id='word_1_38' title='bbox 939 597 1191 662; x_wconf 85' lang='lat' dir='ltr'><strong>nullam</strong></span> <span class='ocrx_word' id='word_1_39' title='bbox 1254 618 1405 662; x_wconf 90' lang='lat' dir='ltr'><strong>cum</strong></span> <span class='ocrx_word' id='word_1_40' title='bbox 1465 596 1669 662; x_wconf 88' lang='lat' dir='ltr'><strong>habet</strong></span> <span class='ocrx_word' id='word_1_41' title='bbox 1725 596 2109 662; x_wconf 77' lang='lat' dir='ltr'><strong>civitatem?</strong></span> <span class='ocrx_word' id='word_1_42' title='bbox 2172 596 2366 680; x_wconf 87' lang='lat' dir='ltr'><strong>pacis</strong></span> 
     </span>
     <span class='ocr_line' id='line_1_6' title="bbox 323 683 2461 770; baseline -0.001 -20"><span class='ocrx_word' id='word_1_43' title='bbox 323 707 478 750; x_wconf 80' lang='lat' dir='ltr'><strong>vero</strong></span> <span class='ocrx_word' id='word_1_44' title='bbox 527 707 691 770; x_wconf 89' lang='lat' dir='ltr'><strong>quae</strong></span> <span class='ocrx_word' id='word_1_45' title='bbox 736 689 959 770; x_wconf 91' lang='lat' dir='ltr'><strong>potest</strong></span> <span class='ocrx_word' id='word_1_46' title='bbox 1004 707 1145 750; x_wconf 90' lang='lat' dir='ltr'><strong>esse</strong></span> <span class='ocrx_word' id='word_1_47' title='bbox 1194 707 1343 750; x_wconf 91' lang='lat' dir='ltr'><strong>cum</strong></span> <span class='ocrx_word' id='word_1_48' title='bbox 1389 706 1466 749; x_wconf 86' lang='lat' dir='ltr'><strong>eo</strong></span> <span class='ocrx_word' id='word_1_49' title='bbox 1503 684 1694 769; x_wconf 90' lang='lat' dir='ltr'><strong>ratio,</strong></span> <span class='ocrx_word' id='word_1_50' title='bbox 1737 685 1810 749; x_wconf 93' lang='lat' dir='ltr'><strong>in</strong></span> <span class='ocrx_word' id='word_1_51' title='bbox 1845 707 1975 768; x_wconf 90' lang='lat' dir='ltr'><strong>quo</strong></span> <span class='ocrx_word' id='word_1_52' title='bbox 2013 687 2116 749; x_wconf 91' lang='lat' dir='ltr'><strong>est</strong></span> <span class='ocrx_word' id='word_1_53' title='bbox 2151 683 2364 749; x_wconf 89' lang='lat' dir='ltr'><strong>incre-</strong></span> <span class='ocrx_word' id='word_1_54' title='bbox 2429 708 2461 748; x_wconf 79' lang='lat'>⁵</span> 
     </span>
    </p>

    <p class='ocr_par' dir='ltr' id='par_1_3' title="bbox 239 771 2456 1740">
     <span class='ocr_line' id='line_1_7' title="bbox 239 771 2366 858; baseline 0.002 -26"><span class='ocrx_word' id='word_1_55' title='bbox 239 784 304 833; x_wconf 82' lang='lat'><strong>15</strong></span> <span class='ocrx_word' id='word_1_56' title='bbox 326 773 547 838; x_wconf 85' lang='lat' dir='ltr'><strong>dibilis</strong></span> <span class='ocrx_word' id='word_1_57' title='bbox 603 773 979 857; x_wconf 85' lang='lat' dir='ltr'><strong>crudelitas,</strong></span> <span class='ocrx_word' id='word_1_58' title='bbox 1036 774 1197 838; x_wconf 88' lang='lat' dir='ltr'><strong>fides</strong></span> <span class='ocrx_word' id='word_1_59' title='bbox 1251 773 1478 838; x_wconf 77' lang='lat' dir='ltr'><strong>nulla?</strong></span> <span class='ocrx_word' id='word_1_60' title='bbox 1575 773 1704 838; x_wconf 85' lang='lat' dir='ltr'><strong>Est</strong></span> <span class='ocrx_word' id='word_1_61' title='bbox 1756 772 1990 858; x_wconf 84' lang='lat' dir='ltr'><strong>igitur,</strong></span> <span class='ocrx_word' id='word_1_62' title='bbox 2046 771 2366 856; x_wconf 86' lang='lat' dir='ltr'><strong>Quirites,</strong></span> 
     </span>
     <span class='ocr_line' id='line_1_8' title="bbox 324 861 2366 947; baseline -0.001 -21"><span class='ocrx_word' id='word_1_63' title='bbox 324 862 571 946; x_wconf 91' lang='lat' dir='ltr'><strong>populo</strong></span> <span class='ocrx_word' id='word_1_64' title='bbox 625 861 925 927; x_wconf 89' lang='lat' dir='ltr'><strong>Romano</strong></span> <span class='ocrx_word' id='word_1_65' title='bbox 985 861 1223 927; x_wconf 83' lang='lat' dir='ltr'><strong>victori</strong></span> <span class='ocrx_word' id='word_1_66' title='bbox 1278 861 1571 926; x_wconf 89' lang='lat' dir='ltr'><strong>omnium</strong></span> <span class='ocrx_word' id='word_1_67' title='bbox 1625 861 1923 947; x_wconf 87' lang='lat' dir='ltr'><strong>gentium</strong></span> <span class='ocrx_word' id='word_1_68' title='bbox 1977 882 2170 926; x_wconf 89' lang='lat' dir='ltr'><strong>omne</strong></span> <span class='ocrx_word' id='word_1_69' title='bbox 2225 881 2366 926; x_wconf 89' lang='lat' dir='ltr'><strong>cer-</strong></span> 
     </span>
     <span class='ocr_line' id='line_1_9' title="bbox 326 947 2364 1034; baseline 0 -20"><span class='ocrx_word' id='word_1_70' title='bbox 326 955 549 1014; x_wconf 84' lang='lat' dir='ltr'><strong>tamen</strong></span> <span class='ocrx_word' id='word_1_71' title='bbox 603 972 752 1016; x_wconf 90' lang='lat' dir='ltr'><strong>cum</strong></span> <span class='ocrx_word' id='word_1_72' title='bbox 804 971 1215 1034; x_wconf 82' lang='lat' dir='ltr'><strong>percussore,</strong></span> <span class='ocrx_word' id='word_1_73' title='bbox 1271 971 1421 1014; x_wconf 90' lang='lat' dir='ltr'><strong>cum</strong></span> <span class='ocrx_word' id='word_1_74' title='bbox 1475 950 1760 1034; x_wconf 83' lang='lat' dir='ltr'><strong>latrone,</strong></span> <span class='ocrx_word' id='word_1_75' title='bbox 1814 971 1963 1014; x_wconf 89' lang='lat' dir='ltr'><strong>cum</strong></span> <span class='ocrx_word' id='word_1_76' title='bbox 2019 947 2364 1033; x_wconf 82' lang='lat' dir='ltr'><strong>Spartaco.</strong></span> 
     </span>
     <span class='ocr_line' id='line_1_10' title="bbox 324 1036 2362 1123; baseline -0.001 -19"><span class='ocrx_word' id='word_1_77' title='bbox 324 1037 502 1104; x_wconf 90' lang='lat' dir='ltr'><strong>Nam</strong></span> <span class='ocrx_word' id='word_1_78' title='bbox 566 1039 741 1122; x_wconf 86' lang='lat' dir='ltr'><strong>quod</strong></span> <span class='ocrx_word' id='word_1_79' title='bbox 796 1059 866 1103; x_wconf 92' lang='lat' dir='ltr'><strong>se</strong></span> <span class='ocrx_word' id='word_1_80' title='bbox 922 1038 1204 1103; x_wconf 84' lang='lat' dir='ltr'><strong>similem</strong></span> <span class='ocrx_word' id='word_1_81' title='bbox 1260 1059 1402 1102; x_wconf 88' lang='lat' dir='ltr'><strong>esse</strong></span> <span class='ocrx_word' id='word_1_82' title='bbox 1457 1036 1780 1104; x_wconf 73' lang='lat' dir='ltr'>Catilinae</span> <span class='ocrx_word' id='word_1_83' title='bbox 1837 1036 2110 1123; x_wconf 85' lang='lat' dir='ltr'><strong>gloriari</strong></span> <span class='ocrx_word' id='word_1_84' title='bbox 2165 1037 2362 1121; x_wconf 90' lang='lat' dir='ltr'><strong>solet,</strong></span> 
     </span>
     <span class='ocr_line' id='line_1_11' title="bbox 326 1125 2456 1211; baseline -0.001 -20"><span class='ocrx_word' id='word_1_85' title='bbox 326 1127 569 1192; x_wconf 86' lang='lat' dir='ltr'><strong>scelere</strong></span> <span class='ocrx_word' id='word_1_86' title='bbox 612 1149 734 1211; x_wconf 90' lang='lat' dir='ltr'><strong>par</strong></span> <span class='ocrx_word' id='word_1_87' title='bbox 778 1130 882 1192; x_wconf 87' lang='lat' dir='ltr'><strong>est</strong></span> <span class='ocrx_word' id='word_1_88' title='bbox 926 1126 1046 1209; x_wconf 88' lang='lat' dir='ltr'><strong>illi,</strong></span> <span class='ocrx_word' id='word_1_89' title='bbox 1089 1126 1414 1191; x_wconf 82' lang='lat' dir='ltr'><strong>industria</strong></span> <span class='ocrx_word' id='word_1_90' title='bbox 1457 1125 1746 1191; x_wconf 86' lang='lat' dir='ltr'><strong>inferior.</strong></span> <span class='ocrx_word' id='word_1_91' title='bbox 1819 1125 1942 1190; x_wconf 91' lang='lat' dir='ltr'><strong>Ille</strong></span> <span class='ocrx_word' id='word_1_92' title='bbox 1989 1147 2139 1191; x_wconf 89' lang='lat' dir='ltr'><strong>cum</strong></span> <span class='ocrx_word' id='word_1_93' title='bbox 2179 1147 2361 1190; x_wconf 86' lang='lat' dir='ltr'><strong>exer·</strong></span> <span class='ocrx_word' id='word_1_94' title='bbox 2393 1150 2456 1188; x_wconf 79' lang='grc' dir='ltr'><strong>ιο</strong></span> 
     </span>
     <span class='ocr_line' id='line_1_12' title="bbox 325 1213 2362 1299; baseline -0.001 -18"><span class='ocrx_word' id='word_1_95' title='bbox 325 1216 532 1281; x_wconf 89' lang='lat' dir='ltr'><strong>citum</strong></span> <span class='ocrx_word' id='word_1_96' title='bbox 582 1216 839 1280; x_wconf 90' lang='lat' dir='ltr'><strong>nullum</strong></span> <span class='ocrx_word' id='word_1_97' title='bbox 890 1214 1257 1299; x_wconf 73' lang='lat' dir='ltr'><strong>habuisset,</strong></span> <span class='ocrx_word' id='word_1_98' title='bbox 1321 1217 1589 1298; x_wconf 90' lang='lat' dir='ltr'><strong>repente</strong></span> <span class='ocrx_word' id='word_1_99' title='bbox 1643 1214 1980 1299; x_wconf 83' lang='lat' dir='ltr'><strong>conflavit3</strong></span> <span class='ocrx_word' id='word_1_100' title='bbox 2041 1213 2151 1279; x_wconf 89' lang='lat' dir='ltr'><strong>hic</strong></span> <span class='ocrx_word' id='word_1_101' title='bbox 2205 1235 2362 1278; x_wconf 90' lang='lat' dir='ltr'><strong>eum</strong></span> 
     </span>
     <span class='ocr_line' id='line_1_13' title="bbox 326 1301 2360 1388; baseline -0 -20"><span class='ocrx_word' id='word_1_102' title='bbox 326 1303 703 1388; x_wconf 86' lang='lat' dir='ltr'><strong>exercitum,</strong></span> <span class='ocrx_word' id='word_1_103' title='bbox 750 1324 947 1386; x_wconf 85' lang='lat' dir='ltr'><strong>quem</strong></span> <span class='ocrx_word' id='word_1_104' title='bbox 992 1303 1261 1387; x_wconf 87' lang='lat' dir='ltr'><strong>accepit,</strong></span> <span class='ocrx_word' id='word_1_105' title='bbox 1309 1302 1564 1386; x_wconf 54' lang='lat' dir='ltr'><strong>amisit.⁸</strong></span> <span class='ocrx_word' id='word_1_106' title='bbox 1622 1301 1720 1368; x_wconf 91' lang='lat' dir='ltr'><strong>Ut</strong></span> <span class='ocrx_word' id='word_1_107' title='bbox 1755 1302 1962 1388; x_wconf 87' lang='lat' dir='ltr'><strong>igitur</strong></span> <span class='ocrx_word' id='word_1_108' title='bbox 1999 1301 2360 1368; x_wconf 73' lang='lat' dir='ltr'>Catilinam</span> 
     </span>
     <span class='ocr_line' id='line_1_14' title="bbox 325 1390 2360 1476; baseline 0 -22"><span class='ocrx_word' id='word_1_109' title='bbox 325 1391 673 1476; x_wconf 86' lang='lat' dir='ltr'><strong>diligentia</strong></span> <span class='ocrx_word' id='word_1_110' title='bbox 724 1413 897 1475; x_wconf 88' lang='lat' dir='ltr'><strong>mea,</strong></span> <span class='ocrx_word' id='word_1_111' title='bbox 954 1394 1220 1456; x_wconf 88' lang='lat' dir='ltr'><strong>senatus</strong></span> <span class='ocrx_word' id='word_1_112' title='bbox 1277 1390 1700 1469; x_wconf 83' lang='lat' dir='ltr'><strong>auctoritate,</strong></span> <span class='ocrx_word' id='word_1_113' title='bbox 1754 1394 1975 1456; x_wconf 80' lang='lat' dir='ltr'><strong>vestro</strong></span> <span class='ocrx_word' id='word_1_114' title='bbox 2023 1390 2240 1456; x_wconf 88' lang='lat' dir='ltr'><strong>studio</strong></span> <span class='ocrx_word' id='word_1_115' title='bbox 2287 1395 2360 1456; x_wconf 92' lang='lat' dir='ltr'><strong>et</strong></span> 
     </span>
     <span class='ocr_line' id='line_1_15' title="bbox 324 1478 2361 1564; baseline -0 -20"><span class='ocrx_word' id='word_1_116' title='bbox 324 1480 571 1544; x_wconf 85' lang='lat' dir='ltr'><strong>virtute</strong></span> <span class='ocrx_word' id='word_1_117' title='bbox 599 1479 913 1564; x_wconf 73' lang='lat' dir='ltr'><strong>fregistis,</strong></span> <span class='ocrx_word' id='word_1_118' title='bbox 942 1478 1037 1544; x_wconf 93' lang='lat' dir='ltr'><strong>sic</strong></span> <span class='ocrx_word' id='word_1_119' title='bbox 1064 1479 1317 1544; x_wconf 82' lang='lat' dir='ltr'><strong>Antoni</strong></span> <span class='ocrx_word' id='word_1_120' title='bbox 1340 1478 1665 1544; x_wconf 86' lang='lat' dir='ltr'><strong>nefarium</strong></span> <span class='ocrx_word' id='word_1_121' title='bbox 1691 1478 2111 1544; x_wconf 74' lang='lat' dir='ltr'><strong>latrocinium</strong></span> <span class='ocrx_word' id='word_1_122' title='bbox 2134 1483 2361 1544; x_wconf 81' lang='lat' dir='ltr'><strong>vestra</strong></span> 
     </span>
     <span class='ocr_line' id='line_1_16' title="bbox 325 1566 2446 1653; baseline -0.001 -22"><span class='ocrx_word' id='word_1_123' title='bbox 325 1589 474 1632; x_wconf 92' lang='lat' dir='ltr'><strong>cum</strong></span> <span class='ocrx_word' id='word_1_124' title='bbox 534 1572 767 1632; x_wconf 88' lang='lat' dir='ltr'><strong>senatu</strong></span> <span class='ocrx_word' id='word_1_125' title='bbox 821 1567 1165 1632; x_wconf 87' lang='lat' dir='ltr'><strong>concordia</strong></span> <span class='ocrx_word' id='word_1_126' title='bbox 1220 1571 1434 1648; x_wconf 87' lang='lat' dir='ltr'><strong>tanta,</strong></span> <span class='ocrx_word' id='word_1_127' title='bbox 1500 1572 1745 1652; x_wconf 87' lang='lat' dir='ltr'><strong>quanta</strong></span> <span class='ocrx_word' id='word_1_128' title='bbox 1796 1589 2156 1651; x_wconf 85' lang='lat' dir='ltr'><strong>numquam</strong></span> <span class='ocrx_word' id='word_1_129' title='bbox 2207 1566 2358 1653; x_wconf 85' lang='lat' dir='ltr'><strong>fuit,</strong></span> <span class='ocrx_word' id='word_1_130' title='bbox 2387 1589 2446 1629; x_wconf 71' lang='grc' dir='ltr'><strong>ιε</strong></span> 
     </span>
     <span class='ocr_line' id='line_1_17' title="bbox 324 1654 2358 1740; baseline 0.001 -22"><span class='ocrx_word' id='word_1_131' title='bbox 324 1654 643 1720; x_wconf 88' lang='lat' dir='ltr'><strong>felicitate</strong></span> <span class='ocrx_word' id='word_1_132' title='bbox 699 1659 767 1720; x_wconf 88' lang='lat' dir='ltr'><strong>et</strong></span> <span class='ocrx_word' id='word_1_133' title='bbox 818 1655 1065 1720; x_wconf 81' lang='lat' dir='ltr'><strong>virtute</strong></span> <span class='ocrx_word' id='word_1_134' title='bbox 1119 1656 1523 1722; x_wconf 85' lang='lat' dir='ltr'><strong>exercituum</strong></span> <span class='ocrx_word' id='word_1_135' title='bbox 1576 1657 1939 1740; x_wconf 85' lang='lat' dir='ltr'><strong>ducumque</strong></span> <span class='ocrx_word' id='word_1_136' title='bbox 1985 1660 2358 1721; x_wconf 85' lang='lat' dir='ltr'><strong>vestrorum</strong></span> 
     </span>
    </p>

    <p class='ocr_par' dir='ltr' id='par_1_4' title="bbox 240 1744 2550 2604">
     <span class='ocr_line' id='line_1_18' title="bbox 240 1744 2360 1828; baseline -0.001 -16"><span class='ocrx_word' id='word_1_137' title='bbox 240 1763 305 1812; x_wconf 80' lang='lat'><strong>16</strong></span> <span class='ocrx_word' id='word_1_138' title='bbox 325 1744 509 1807; x_wconf 85' lang='lat' dir='ltr'><strong>brevi</strong></span> <span class='ocrx_word' id='word_1_139' title='bbox 556 1747 851 1828; x_wconf 89' lang='lat' dir='ltr'><strong>tempore</strong></span> <span class='ocrx_word' id='word_1_140' title='bbox 888 1765 1274 1828; x_wconf 88' lang='lat' dir='ltr'><strong>oppressum</strong></span> <span class='ocrx_word' id='word_1_141' title='bbox 1313 1744 1609 1809; x_wconf 86' lang='lat' dir='ltr'><strong>audietis.</strong></span> <span class='ocrx_word' id='word_1_142' title='bbox 1671 1745 1999 1828; x_wconf 85' lang='lat' dir='ltr'><strong>Equidem</strong></span> <span class='ocrx_word' id='word_1_143' title='bbox 2033 1749 2360 1828; x_wconf 87' lang='lat' dir='ltr'><strong>quantum</strong></span> 
     </span>
     <span class='ocr_line' id='line_1_19' title="bbox 326 1832 2550 1918; baseline 0.001 -22"><span class='ocrx_word' id='word_1_144' title='bbox 326 1853 508 1915; x_wconf 90' lang='lat' dir='ltr'><strong>cura,</strong></span> <span class='ocrx_word' id='word_1_145' title='bbox 554 1832 807 1911; x_wconf 88' lang='lat' dir='ltr'><strong>labore,</strong></span> <span class='ocrx_word' id='word_1_146' title='bbox 853 1832 1118 1918; x_wconf 83' lang='lat' dir='ltr'><strong>vigiliis,</strong></span> <span class='ocrx_word' id='word_1_147' title='bbox 1166 1832 1579 1917; x_wconf 88' lang='lat' dir='ltr'><strong>auctoritate,</strong></span> <span class='ocrx_word' id='word_1_148' title='bbox 1625 1832 1899 1898; x_wconf 89' lang='lat' dir='ltr'><strong>consilio</strong></span> <span class='ocrx_word' id='word_1_149' title='bbox 1947 1832 2110 1898; x_wconf 88' lang='lat' dir='ltr'><strong>eniti</strong></span> <span class='ocrx_word' id='word_1_150' title='bbox 2155 1835 2358 1917; x_wconf 88' lang='lat' dir='ltr'><strong>atque</strong></span> <span class='ocrx_word' id='word_1_151' title='bbox 2547 1859 2550 1914; x_wconf 60' lang='lat'><strong>1</strong></span> 
     </span>
     <span class='ocr_line' id='line_1_20' title="bbox 324 1919 2358 2007; baseline 0 -20"><span class='ocrx_word' id='word_1_152' title='bbox 324 1919 580 1987; x_wconf 87' lang='lat' dir='ltr'><strong>efficere</strong></span> <span class='ocrx_word' id='word_1_153' title='bbox 633 1925 893 2006; x_wconf 89' lang='lat' dir='ltr'><strong>poter0,</strong></span> <span class='ocrx_word' id='word_1_154' title='bbox 954 1921 1123 1987; x_wconf 91' lang='lat' dir='ltr'><strong>nihil</strong></span> <span class='ocrx_word' id='word_1_155' title='bbox 1176 1921 1732 2007; x_wconf 85' lang='lat' dir='ltr'><strong>praetermittam,</strong></span> <span class='ocrx_word' id='word_1_156' title='bbox 1797 1922 1973 2006; x_wconf 86' lang='lat' dir='ltr'><strong>quod</strong></span> <span class='ocrx_word' id='word_1_157' title='bbox 2028 1921 2111 1987; x_wconf 85' lang='lat' dir='ltr'><strong>ad</strong></span> <span class='ocrx_word' id='word_1_158' title='bbox 2163 1921 2358 1988; x_wconf 89' lang='lat' dir='ltr'><strong>liber-</strong></span> 
     </span>
     <span class='ocr_line' id='line_1_21' title="bbox 324 2010 2442 2095; baseline -0.001 -21"><span class='ocrx_word' id='word_1_159' title='bbox 324 2013 534 2075; x_wconf 86' lang='lat' dir='ltr'><strong>tatem</strong></span> <span class='ocrx_word' id='word_1_160' title='bbox 595 2015 884 2075; x_wconf 81' lang='lat' dir='ltr'><strong>vestram</strong></span> <span class='ocrx_word' id='word_1_161' title='bbox 946 2010 1273 2095; x_wconf 89' lang='lat' dir='ltr'><strong>pertinere</strong></span> <span class='ocrx_word' id='word_1_162' title='bbox 1329 2011 1732 2095; x_wconf 85' lang='lat' dir='ltr'><strong>arbitrabor3</strong></span> <span class='ocrx_word' id='word_1_163' title='bbox 1791 2032 2002 2095; x_wconf 90' lang='lat' dir='ltr'><strong>neque</strong></span> <span class='ocrx_word' id='word_1_164' title='bbox 2057 2010 2234 2075; x_wconf 93' lang='lat' dir='ltr'><strong>enim</strong></span> <span class='ocrx_word' id='word_1_165' title='bbox 2286 2012 2358 2076; x_wconf 87' lang='lat' dir='ltr'><strong>id</strong></span> <span class='ocrx_word' id='word_1_166' title='bbox 2385 2031 2442 2071; x_wconf 71' lang='lat' dir='ltr'><strong>ao</strong></span> 
     </span>
     <span class='ocr_line' id='line_1_22' title="bbox 323 2098 2356 2183; baseline 0.001 -22"><span class='ocrx_word' id='word_1_167' title='bbox 323 2119 444 2181; x_wconf 92' lang='lat' dir='ltr'><strong>pro</strong></span> <span class='ocrx_word' id='word_1_168' title='bbox 499 2098 737 2163; x_wconf 80' lang='lat' dir='ltr'><strong>vestris</strong></span> <span class='ocrx_word' id='word_1_169' title='bbox 795 2099 1220 2183; x_wconf 86' lang='lat' dir='ltr'><strong>amplissimis</strong></span> <span class='ocrx_word' id='word_1_170' title='bbox 1273 2099 1346 2163; x_wconf 91' lang='lat' dir='ltr'><strong>in</strong></span> <span class='ocrx_word' id='word_1_171' title='bbox 1394 2121 1498 2164; x_wconf 91' lang='lat' dir='ltr'><strong>me</strong></span> <span class='ocrx_word' id='word_1_172' title='bbox 1543 2099 1875 2164; x_wconf 86' lang='lat' dir='ltr'><strong>beneficiis</strong></span> <span class='ocrx_word' id='word_1_173' title='bbox 1923 2099 2063 2164; x_wconf 89' lang='lat' dir='ltr'><strong>sine</strong></span> <span class='ocrx_word' id='word_1_174' title='bbox 2111 2100 2356 2164; x_wconf 88' lang='lat' dir='ltr'><strong>scelere</strong></span> 
     </span>
     <span class='ocr_line' id='line_1_23' title="bbox 323 2184 2358 2271; baseline 0.003 -23"><span class='ocrx_word' id='word_1_175' title='bbox 323 2184 537 2250; x_wconf 88' lang='lat' dir='ltr'><strong>facere</strong></span> <span class='ocrx_word' id='word_1_176' title='bbox 577 2208 865 2270; x_wconf 90' lang='lat' dir='ltr'><strong>possum.</strong></span> <span class='ocrx_word' id='word_1_177' title='bbox 936 2186 1271 2252; x_wconf 86' lang='lat' dir='ltr'><strong>Hodierno</strong></span> <span class='ocrx_word' id='word_1_178' title='bbox 1313 2191 1534 2252; x_wconf 86' lang='lat' dir='ltr'><strong>autem</strong></span> <span class='ocrx_word' id='word_1_179' title='bbox 1572 2187 1673 2252; x_wconf 88' lang='lat' dir='ltr'><strong>die</strong></span> <span class='ocrx_word' id='word_1_180' title='bbox 1708 2187 1996 2271; x_wconf 91' lang='lat' dir='ltr'><strong>primum</strong></span> <span class='ocrx_word' id='word_1_181' title='bbox 2031 2187 2358 2254; x_wconf 87' lang='lat' dir='ltr'><strong>referente</strong></span> 
     </span>
     <span class='ocr_line' id='line_1_24' title="bbox 324 2272 2358 2361; baseline 0.001 -23"><span class='ocrx_word' id='word_1_182' title='bbox 324 2273 466 2338; x_wconf 88' lang='lat' dir='ltr'><strong>viro</strong></span> <span class='ocrx_word' id='word_1_183' title='bbox 512 2272 877 2339; x_wconf 88' lang='lat' dir='ltr'><strong>fortissimo</strong></span> <span class='ocrx_word' id='word_1_184' title='bbox 923 2274 1239 2358; x_wconf 85' lang='lat' dir='ltr'><strong>vobisque</strong></span> <span class='ocrx_word' id='word_1_185' title='bbox 1287 2275 1706 2360; x_wconf 89' lang='lat' dir='ltr'><strong>amicissim0,</strong></span> <span class='ocrx_word' id='word_1_186' title='bbox 1749 2276 1877 2340; x_wconf 89' lang='lat' dir='ltr'><strong>hoc</strong></span> <span class='ocrx_word' id='word_1_187' title='bbox 1917 2274 2006 2340; x_wconf 88' lang='lat' dir='ltr'><strong>M.</strong></span> <span class='ocrx_word' id='word_1_188' title='bbox 2057 2274 2358 2361; x_wconf 86' lang='lat' dir='ltr'><strong>Servilio,</strong></span> 
     </span>
     <span class='ocr_line' id='line_1_25' title="bbox 325 2362 2357 2450; baseline 0.002 -25"><span class='ocrx_word' id='word_1_189' title='bbox 325 2362 723 2445; x_wconf 85' lang='lat' dir='ltr'><strong>collegisque</strong></span> <span class='ocrx_word' id='word_1_190' title='bbox 780 2362 945 2446; x_wconf 90' lang='lat' dir='ltr'><strong>eius,</strong></span> <span class='ocrx_word' id='word_1_191' title='bbox 1010 2362 1450 2427; x_wconf 87' lang='lat' dir='ltr'><strong>ornatissimis</strong></span> <span class='ocrx_word' id='word_1_192' title='bbox 1506 2364 1694 2447; x_wconf 85' lang='lat' dir='ltr'><strong>viris,</strong></span> <span class='ocrx_word' id='word_1_193' title='bbox 1753 2364 2024 2448; x_wconf 89' lang='lat' dir='ltr'><strong>optimis</strong></span> <span class='ocrx_word' id='word_1_194' title='bbox 2081 2364 2357 2450; x_wconf 84' lang='lat' dir='ltr'><strong>civibus,</strong></span> 
     </span>
     <span class='ocr_line' id='line_1_26' title="bbox 323 2449 2434 2538; baseline 0 -26"><span class='ocrx_word' id='word_1_195' title='bbox 323 2449 525 2536; x_wconf 86' lang='lat' dir='ltr'><strong>longo</strong></span> <span class='ocrx_word' id='word_1_196' title='bbox 562 2449 908 2515; x_wconf 87' lang='lat' dir='ltr'><strong>intervallo</strong></span> <span class='ocrx_word' id='word_1_197' title='bbox 946 2472 1051 2514; x_wconf 91' lang='lat' dir='ltr'><strong>me</strong></span> <span class='ocrx_word' id='word_1_198' title='bbox 1089 2455 1354 2517; x_wconf 87' lang='lat' dir='ltr'><strong>auctore</strong></span> <span class='ocrx_word' id='word_1_199' title='bbox 1391 2455 1460 2516; x_wconf 87' lang='lat' dir='ltr'><strong>et</strong></span> <span class='ocrx_word' id='word_1_200' title='bbox 1493 2451 1786 2537; x_wconf 89' lang='lat' dir='ltr'><strong>principe</strong></span> <span class='ocrx_word' id='word_1_201' title='bbox 1825 2454 1907 2517; x_wconf 83' lang='lat' dir='ltr'><strong>ad</strong></span> <span class='ocrx_word' id='word_1_202' title='bbox 1945 2453 2128 2538; x_wconf 85' lang='lat' dir='ltr'><strong>spem</strong></span> <span class='ocrx_word' id='word_1_203' title='bbox 2160 2454 2356 2519; x_wconf 91' lang='lat' dir='ltr'><strong>liber·</strong></span> <span class='ocrx_word' id='word_1_204' title='bbox 2384 2472 2434 2513; x_wconf 57' lang='grc' dir='ltr'><strong>τε</strong></span> 
     </span>
     <span class='ocr_line' id='line_1_27' title="bbox 324 2537 911 2604; baseline 0.005 -4"><span class='ocrx_word' id='word_1_205' title='bbox 324 2537 485 2601; x_wconf 88' lang='lat' dir='ltr'><strong>tatis</strong></span> <span class='ocrx_word' id='word_1_206' title='bbox 533 2538 911 2604; x_wconf 82' lang='lat' dir='ltr'><strong>exarsimus.</strong></span> 
     </span>
    </p>
   </div>
   <div class='ocr_carea' id='block_1_3' title="bbox 2538 2208 2546 2700">
    <p class='ocr_par' dir='ltr' id='par_1_5' title="bbox 2538 2208 2546 2700">
     <span class='ocr_line' id='line_1_28' title="bbox 2538 2208 2546 2700; baseline 0 1175"><span class='ocrx_word' id='word_1_207' title='bbox 2538 2208 2546 2700; x_wconf 95' lang='lat' dir='ltr'><strong> </strong></span> 
     </span>
    </p>
   </div>
  </div>
 </body>
</html>
