2550 3875
885 108 1040 163 GAP.
1079 115 1220 162 2—4
1257 115 1287 174 ὅ
1324 114 1481 163 4—8.
2096 112 2227 175 497

189 270 381 355 xerit,
424 270 752 335 neminem
800 269 1190 334 adsensum?
1239 270 1413 353 quod
1458 272 1659 335 etiam
1703 271 1897 336 hodie
1935 272 2232 337 futurum

192 358 497 424 arbitror.
2284 366 2293 373 '

327 445 652 532 Legiones
691 445 958 511 abducis
999 467 1036 509 a
1072 445 1301 510 Bruto·
1370 445 1589 521 Quas?
1626 469 1860 532 nempe
1898 469 2027 531 eae,
2068 438 2335 535 quas(3)

192 534 305 599 ille
362 556 402 599 a
448 532 517 600 O.
563 532 813 599 Antoni
870 534 1112 598 scelere
1168 533 1409 598 avertit
1466 538 1533 599 et
1583 535 1665 599 ad
1711 557 1850 600 rem
1894 535 2229 620 publicam

132 641 162 681 5
193 644 314 687 sua
369 622 763 687 auctoritate
814 622 1122 686 traduxit.
1214 621 1468 686 Rursus
1515 622 1723 707 igitur
1768 623 1868 688 vis
1907 624 2229 689 nudatum

189 710 383 775 illum
419 714 616 794 atque
657 711 872 775 solum
910 732 948 773 a
985 732 1055 773 re
1091 710 1358 794 publica
1384 710 1748 795 relegatum
1776 712 2000 776 videri.
2085 711 2226 777 Vos
2251 717 2282 765 ⁷

192 803 441 883 autem,
495 802 718 882 patres
776 798 1156 883 conscripti,
1214 797 1270 861 si
1326 797 1414 862 Μ.
1470 798 1753 863 Brutum
1809 800 2225 865 deserueritis

193 890 262 952 et
296 885 735 972 prodideritis,
775 907 968 987 quem
1007 849 1271 950 tandem
1310 886 1517 952 civem
1543 909 1857 970 umquam
1886 888 2227 973 ornabitis,

193 974 299 1040 cui
344 973 698 1039 favebitis?
744 974 873 1038 nisi
920 974 1092 1039 forte
1141 995 1270 1057 eost,
1319 974 1429 1059 qui
1466 975 1765 1039 diadema
1798 976 2229 1061 inposuerint,

105 1083 166 1123 ιο
194 1062 696 1147 conservandos,
745 1083 873 1146 eos,
926 1062 1037 1147 qui
1085 1062 1271 1148 regni
1315 1084 1555 1127 nomen
1601 1063 2007 1148 sustulerint,
2054 1064 2228 1129 dese-

191 1151 428 1215 rendos
465 1150 736 1235 putatis.
791 1149 891 1216 Ac
929 1150 1006 1214 de
1044 1150 1168 1215 hac
1202 1150 1464 1235 quidem
1493 1150 1711 1215 divina
1739 1151 1983 1235 atque
1964 1173 2228 1216 immor-

193 1239 316 1303 tali
387 1238 577 1303 laude
641 1238 836 1303 Bruti
908 1238 1144 1323 silebo,
1219 1261 1383 1323 quae
1456 1239 1836 1324 gratissima
1908 1240 2229 1304 memoria

195 1327 488 1393 omnium
554 1325 792 1391 civium
857 1326 1108 1392 inclusa
1165 1327 1455 1391 nondum
1509 1327 1775 1410 publica
1830 1328 2224 1392 auctoritate

193 1418 442 1480 testata
496 1417 612 1481 est.
715 1414 1076 1480 Tantamne
1129 1414 1547 1500 patientiam,
1608 1415 1675 1479 di
1727 1416 1913 1499 boni,
1970 1418 2227 1480 tantam

107 1523 164 1563 15
193 1502 736 1587 moderationem,
803 1506 1057 1568 tantam
1119 1502 1190 1567 in
1251 1503 1491 1567 iniuria
1550 1503 2102 1588 tranquillitatem
2159 1508 2227 1568 et

194 1591 610 1657 modestiam!
660 1590 774 1675 qui
819 1612 968 1657 cum
1011 1594 1277 1676 praetor
1322 1591 1506 1656 urbis
1552 1596 1744 1675 esset,
1790 1593 1951 1657 urbe
1996 1591 2226 1678 caruit,

192 1680 295 1745 ius
350 1702 485 1744 non
540 1678 731 1764 dixit,
787 1701 934 1744 cum
990 1699 1179 1743 omne
1235 1679 1338 1743 ius
1395 1679 1490 1745 rei
1542 1679 1845 1764 publicae
1892 1702 2225 1764 recupera-
2300 1737 2303 1740 .

192 1768 423 1852 visset,
480 1788 754 1851 cumque
801 1788 1120 1833 concursu
1168 1767 1496 1832 cotidiano
1542 1767 1866 1833 bonorum
1915 1769 2225 1855 omnium,

196 1856 309 1942 qui
382 1855 785 1920 admirabilis
849 1855 931 1919 ad
996 1876 1145 1919 eum
1206 1855 1351 1919 fieri
1415 1856 1695 1941 solebat,
1768 1857 2225 1942 praesidioque

107 1966 165 2004 20
194 1945 427 2010 Italiae
493 1948 763 2010 cunctae
828 1947 1093 2028 saeptus
1157 1948 1383 2028 posset
1450 1967 1618 2030 esse,
1683 1967 1917 2030 apsens
1982 1946 2224 2011 iudicio

192 2035 516 2098 bonorum
573 2032 873 2098 defensus
930 2055 1071 2098 esse
1122 2033 1358 2097 maluit
1404 2055 1600 2116 quam
1644 2055 1952 2117 praesens
2001 2056 2226 2119 manu3

195 2122 306 2206 qui
361 2143 442 2186 ne
488 2119 905 2205 Apollinares
961 2121 1223 2205 quidem
1276 2121 1465 2185 ludos
1519 2144 1639 2206 pro
1697 2144 1815 2186 sua
1868 2121 2223 2207 populique

191 2209 476 2274 Romani
532 2209 853 2294 dignitate
908 2213 1258 2293 apparatos
1305 2231 1612 2293 praesens
1659 2210 1844 2295 fecit,
1896 2233 1979 2275 ne
2028 2233 2223 2296 quam

193 2299 367 2362 viam
403 2297 805 2382 patefaceret
843 2297 1497 2362 sceleratissimorum
1526 2298 1871 2364 hominum
1898 2300 2223 2365 audaciae.

107 2405 166 2446 25
197 2385 607 2470 Quamquam
662 2385 776 2469 qui
830 2407 1141 2469 umquam
1197 2388 1311 2450 aut
1364 2386 1500 2450 ludi
1557 2391 1671 2451 aut
1726 2388 1863 2452 dies
1913 2388 2222 2453 laetiores

191 2475 476 2558 fuerunt,
514 2495 710 2558 quam
748 2495 896 2538 cum
931 2474 1002 2537 in
1038 2474 1315 2559 singulis
1343 2475 1639 2539 versibus
1676 2476 1957 2560 populus
1986 2475 2225 2540 Roma-

191 2584 316 2626 nus
354 2562 637 2627 maximo
678 2562 960 2626 clamore
999 2566 1065 2626 et
1101 2562 1337 2646 plausu
1373 2562 1565 2627 Bruti
1593 2564 1978 2628 memoriam
2004 2585 2224 2648 prose-

196 2650 560 2735 quebatur?
599 2648 852 2734 Corpus
881 2651 1109 2714 aberat
1136 2651 1528 2735 liberatoris,
1554 2651 1888 2716 libertatis
1908 2651 2225 2716 memoria

195 2739 447 2822 aderat3
491 2738 562 2802 in
607 2760 736 2822 qua
779 2737 972 2804 Bruti
1013 2739 1233 2824 imago
1274 2739 1450 2803 cerni
1486 2739 1847 2804 videbatur.
1924 2739 2015 2803 At
2049 2739 2223 2804 hunc

107 2849 164 2887 eo
192 2827 277 2891 iis
323 2827 484 2911 ipsis
531 2826 834 2891 ludorum
882 2827 1107 2891 diebus
1152 2827 1453 2890 videbam
1496 2827 1569 2891 in
1612 2827 1829 2892 insula
1875 2827 2223 2892 clarissimi

194 2915 649 3000 adulescentis,
694 2913 972 3000 Luculli,
1017 2915 1367 2999 propinqui
1415 2916 1534 2999 sui,
1578 2915 1745 2980 nihil
1780 2915 1911 2979 nisi
1948 2914 2026 2980 de
2063 2937 2223 2998 pace

193 3006 264 3068 et
309 3003 654 3068 concordia
700 3003 941 3068 civium
989 3003 1407 3088 cogitantem.
1480 3003 1781 3068 Eundem
1821 3003 1955 3068 vidi
1990 3007 2224 3087 postea

191 3091 421 3156 Veliae
477 3092 810 3157 cedentem
866 3091 1088 3176 Italia,
1142 3113 1224 3156 ne
1282 3114 1410 3175 qua
1465 3094 1761 3156 oreretur
1803 3091 1964 3156 belli
2011 3092 2221 3157 civilis

193 3201 392 3244 causa
453 3183 723 3265 propter
787 3201 874 3245 se.
976 3179 1029 3244 O
1098 3180 1542 3264 spectaculum
1606 3180 1770 3244 illud
1830 3202 1965 3244 non
2028 3181 2221 3245 modo

107 3287 163 3328 35
190 3267 598 3352 hominibus,
673 3268 785 3333 sed
847 3268 1039 3333 undis
1101 3268 1263 3352 ipsis
1329 3272 1397 3332 et
1460 3267 1766 3333 litoribus
1831 3268 2223 3354 luctuosum,

192 3356 418 3422 cedere
485 3378 518 3420 e
580 3357 798 3440 patria
863 3361 1262 3421 servatorem
1329 3357 1493 3440 eius,
1558 3378 1818 3421 manere
1881 3357 1953 3421 in
2004 3357 2224 3442 patria

189 3444 584 3529 perditores!
661 3443 848 3509 Cassi
891 3444 1116 3509 classis
1154 3445 1379 3528 paucis
1416 3449 1570 3528 post
1608 3445 1836 3510 diebus
1876 3467 2225 3530 conseque-

300 3555 414 3598 010.
443 3558 506 3599 11.
537 3559 578 3598 8.
1829 3555 1895 3602 32

2242 2355 2287 2418 4

2244 2446 2277 2494 8
