2550 3875
757 199 913 258 CAP.
952 209 1164 258 20—22
1202 209 1233 270 8
1270 209 1498 260 50-55,
1991 203 2002 214 ’
2083 205 2216 270 393

172 365 319 428 dita
382 368 577 448 atque
641 365 901 430 addicta
960 365 1287 430 sententia
1340 389 1600 432 movere
1654 367 2008 452 potuisset,
2070 371 2214 432 tum

172 453 341 517 illud
377 453 605 517 multis
639 454 837 518 rebus
869 457 1020 517 ante
1051 454 1394 538 temptatis
1421 456 1794 520 necessario
1822 456 1948 520 tibi
1975 457 2211 521 vulnus

176 541 508 605 inflictum
552 545 669 626 est,
720 541 892 626 quod
936 542 1163 625 paucis
1210 546 1361 606 ante
1407 546 1494 626 te,
1540 565 1820 627 quorum
1861 544 2210 609 incolumis

175 629 310 693 fuit
360 649 580 713 nemo3
632 633 779 694 tum
832 633 1061 694 contra
1113 633 1180 694 te
1236 630 1415 695 dedit
1470 653 1654 695 arma
1700 631 1810 696 hic
1858 633 2016 699 ordo
2065 654 2211 697 con-
2232 645 2301 694 53

0 720 4 805 y
113 745 145 784 5
180 717 437 782 sulibus
482 717 882 801 reliquisque
926 717 1222 802 imperiis
1258 721 1328 782 et
1362 719 1831 804 potestatibus3
1879 743 2042 804 quae
2077 743 2214 786 non
2233 767 2322 830 22

0 826 2 843 ¹
178 805 548 890 effugisses,
600 805 732 870 nisi
777 809 845 870 te
890 805 972 870 ad
1018 827 1200 870 arma
1245 805 1544 871 Caesaris
1590 808 1994 873 contulisses,
2084 809 2322 922 Tu>(53)

179 898 283 977 tu,
346 894 641 977 inquam,
704 892 792 957 M.
848 893 1125 977 Antoni,
1178 894 1483 978 princeps
1537 893 1608 960 O.
1663 894 1927 962 Caesari
1983 896 2203 962 omnia

180 982 571 1065 perturbare
626 981 916 1066 cupienti
969 1003 1232 1047 causam
1286 983 1446 1047 belli
1501 987 1731 1048 contra
1782 984 2067 1067 patriam
2119 985 2213 1049 in-

176 1069 431 1133 ferendi
482 1069 737 1134 dedisti.
830 1069 1001 1146 Quid
1052 1071 1227 1135 enim
1282 1071 1457 1134 aliud
1511 1072 1623 1134 1116
1679 1071 1961 1154 dicebat,
2018 1095 2213 1156 quam

88 1195 151 1233 10
186 1179 451 1222 causam
514 1157 618 1222 sui
680 1157 1155 1222 dementissimi
1210 1159 1468 1223 consilii
1523 1163 1591 1224 et
1644 1158 1804 1224 facti
1861 1159 2212 1244 adferebat,

177 1246 310 1310 nisi
358 1246 533 1330 quod
575 1244 961 1311 intercessio
1007 1247 1326 1332 neglecta,
1371 1247 1474 1312 ius
1522 1247 1949 1312 tribunicium
1995 1248 2210 1313 subla-

177 1339 344 1416 tum,
380 1334 908 1417 circumscriptus
947 1356 987 1398 a
1023 1338 1254 1398 senatu
1292 1340 1466 1400 esset
1502 1336 1877 1400 Antonius?
1939 1335 2210 1421 Omitto,

179 1444 379 1506 quam
422 1421 584 1487 haec
629 1421 814 1507 falsa,
863 1444 1059 1506 quam
1100 1423 1288 1508 levia,
1331 1423 1720 1507 praesertim
1758 1445 1906 1488 cum
1945 1425 2209 1490 omnino

175 1510 363 1574 nulla
409 1531 606 1574 causa
648 1511 825 1575 iusta
871 1511 1177 1594 cuiquam
1220 1532 1362 1575 esse
1407 1513 1623 1595 possit
1662 1516 1891 1577 contra
1926 1513 2210 1596 patriam

91 1629 147 1668 25
180 1619 365 1662 arma
412 1598 724 1682 capiendi.
814 1597 939 1663 Sed
983 1599 1151 1663 nihil
1197 1599 1275 1664 de
1323 1597 1625 1684 Caesare3
1668 1600 1795 1664 tibi
1841 1605 2016 1666 certe
2063 1623 2210 1666 con-

175 1687 494 1754 fitendum
548 1691 650 1751 est
705 1708 969 1751 causam
1023 1687 1560 1772 perniciosissimi
1610 1688 1770 1752 belli
1814 1689 1886 1753 in
1928 1710 2210 1772 persona

137 1791 157 1834 ·,
176 1781 297 1839 tua
360 1775 751 1840 constitisse.
860 1774 915 1840 Ο
982 1773 1294 1839 miserum
1355 1781 1448 1860 te,-
1511 1777 1570 1840 si
1631 1777 1793 1841 11666
1855 1777 2205 1864 intellegis,
2228 1790 2296 1840 54

76 1913 81 1918 .
176 1863 603 1949 miseriorem,
650 1863 708 1926 si
742 1885 877 1929 non
911 1863 1243 1949 intellegis
1278 1863 1406 1929 hoc
1441 1864 1686 1929 litteris
1724 1864 2036 1950 mandari,
2080 1866 2212 1944 hoc

176 1952 529 2017 memoriae
592 1952 809 2037 prodi,
870 1952 1065 2017 huius
1130 1954 1226 2017 rei
1287 1976 1370 2017 116
1427 1954 1888 2037 posteritatem
1945 1954 2208 2037 quidem

88 2070 148 2110 20
178 2040 471 2105 omnium
527 2040 932 2105 saeculorum
988 2062 1301 2125 umquam
1345 2042 1794 2107 immemorem
1838 2041 2006 2127 fore,
2062 2064 2208 2107 con-

176 2129 354 2193 sules
409 2150 488 2192 ex
540 2128 739 2192 Italia
792 2129 1097 2212 expulsos
1155 2151 1430 2215 cumque
1484 2130 1567 2195 iis
1625 2128 1740 2196 Cn.
1793 2130 2207 2215 Pompeium,

177 2217 355 2301 quod
416 2216 675 2301 imperii
738 2217 967 2301 populi
1030 2216 1315 2283 Romani
1379 2218 1574 2282 decus
1639 2240 1714 2283 ac
1777 2219 1998 2283 lumen
2059 2219 2206 2303 fuit,

176 2305 393 2369 omnis
435 2298 827 2390 consulares,
872 2306 985 2389 qui
1030 2327 1147 2389 per
1192 2306 1632 2385 valetudinem
1679 2307 1909 2392 exequi
1957 2308 2206 2371 cladem

174 2393 363 2458 illam
406 2392 760 2477 fugamque
806 2394 1200 2478 potuissent,
1245 2398 1610 2478 praetores,
1655 2396 2040 2479 praetorios,
2090 2397 2206 2460 tri-

90 2512 147 2552 35
174 2483 389 2546 bunos
434 2482 522 2564 pl.
532 2532 549 2565 ‚
604 2502 911 2565 magnam
954 2486 1211 2565 partem
1256 2486 1548 2566 senatuS,
1605 2504 1864 2547 omnem
1909 2483 2207 2548 subolem

172 2569 537 2634 iuventutis
572 2591 831 2653 unoque
869 2570 1067 2635 verbo
1105 2592 1245 2635 rem
1281 2571 1614 2655 publicam
1641 2571 1978 2655 expulsam
2007 2574 2204 2655 atque

174 2658 673 2724 exterminatam
729 2658 864 2722 suis
921 2658 1208 2722 sedibus!
1311 2657 1408 2723 Ut
1459 2659 1666 2743 igitur
1719 2660 1790 2724 in
1846 2660 2204 2725 seminibus
2225 2672 2300 2721 55

174 2750 280 2811 est
316 2767 513 2811 661186
550 2746 859 2811 arborum
894 2750 961 2809 et
998 2747 1324 2830 stirpium,
1371 2746 1465 2812 816
1500 2748 1696 2811 11111118
1731 2747 2206 2812 luctuosissimi

174 2834 336 2899 belli
400 2856 623 2899 semen
676 2838 750 2897 tu
805 2833 1009 2898 fuisti.
1108 2833 1368 2899 Doletis
1422 2835 1545 2899 tris
1601 2836 1922 2899 exercitus
1976 2836 2205 2917 populi

91 2950 147 2992 so
173 2922 459 2989 Romani
513 2922 922 3005 interfectos3
976 2922 1308 2988 interfecit
1357 2921 1706 2988 Antonius.
1796 2921 2203 2987 Desideratis

176 3011 577 3089 clarissimos
629 3010 816 3094 civis3
872 3032 983 3075 eos
1030 3032 1286 3095 quoque
1330 3012 1524 3076 nobis
1570 3010 1812 3093 eripuit
1856 3010 2203 3075 Antonius.

172 3100 558 3165 Auctoritas
593 3098 788 3163 huius
827 3098 1071 3163 ordinis
1110 3098 1373 3163 adflicta
1409 3102 1527 3183 est3
1563 3098 1818 3163 adflixit
1852 3096 2202 3163 Antonius,

172 3188 411 3253 Omnia
482 3186 786 3269 denique,
858 3208 1022 3269 quae
1084 3191 1318 3272 postea
1387 3187 1670 3252 vidimus
1735 3184 1920 3271 (quid
1985 3190 2202 3251 autem

173 3276 333 3341 mali
404 3295 538 3340 non
608 3274 889 3339 vidimus
900 3272 990 3359 P),
1072 3275 1129 3339 si
1200 3278 1376 3339 recte
1449 3274 2015 3358 ratiocinabimur,
2087 3276 2202 3339 uni

92 3392 145 3432 35
175 3368 445 3448 accepta
490 3361 845 3427 referemus
889 3362 1199 3427 Antonio.
1291 3360 1388 3427 Ut
1431 3362 1686 3427 Helena
1729 3361 2057 3447 Τ10161118,
2107 3363 2202 3428 816

172 3454 299 3517 iste
345 3451 499 3516 huic
544 3450 640 3514 rei
685 3450 985 3532 publicae
1035 3450 1243 3531 [belli]
1294 3471 1489 3515 causa
1533 3451 1742 3534 pestis
1783 3454 1980 3534 atque
2019 3452 2202 3515 exitii

172 3541 318 3606 fuit.
429 3538 745 3622 Reliquae
818 3542 1039 3623 partes
1113 3538 1490 3603 tribunatus
1556 3539 1861 3624 principii
1935 3539 2201 3605 similes,
