2550 3875
859 149 1013 206 CAP.
1052 157 1191 205 8-8
1230 158 1259 218 ς
1302 157 1526 206 15-20.
1906 177 1911 186 ·
2075 153 2210 216 423

161 314 421 379 furoris
469 312 849 378 inimicum?
941 314 1036 377 At
1082 313 1282 377 etiam
1321 313 1645 398 gladiator
1682 335 1878 378 ausus
1916 317 2019 378 est
2057 314 2209 379 scri·
2232 328 2302 377 18

161 404 331 467 bere
359 403 533 466 hunc
561 403 639 467 de
667 401 875 485 patris
906 405 973 464 et
999 402 1216 485 patrui
1245 403 1596 485 parricidio
1626 403 1970 487 cogitasse.
2018 401 2072 467 Ο
2105 403 2210 466 ad·

166 491 551 555 mirabilem
590 490 1056 573 inpudentiam,
1096 489 1450 572 audaciam,
1479 491 1936 574 temeritatem,
1962 490 2033 555 in
2062 513 2212 554 eum

168 578 663 644 adulescentem
705 578 832 642 hoc
878 578 1161 642 scribere
1209 578 1462 661 audere,
1510 599 1702 661 quem
1740 599 1861 680 ego
1901 583 1968 642 et
2003 578 2212 644 frater

100 692 133 732 5
170 689 363 732 meus
418 670 691 750 propter
747 667 885 730 eius
940 665 1364 741 suavissimos
1419 669 1613 749 atque
1661 667 1946 750 optimos
1993 689 2210 732 mores

166 755 947 840 praestantissimumque
984 754 1319 838 ingenium
1353 755 1655 818 certatim
1684 777 1978 820 amamus
2006 756 2212 820 omni-

168 845 431 927 busque
470 842 651 907 horis
681 841 905 925 0011118,
944 841 1227 923 auribus,
1267 842 1608 926 complexu
1637 845 1958 906 tenemus!
2033 842 2208 908 Nam

170 953 283 996 me
330 932 537 995 isdem
584 929 815 996 edictis
858 929 1070 995 nescit
1114 894 1334 995 lae'dat
1380 953 1463 994 an
1508 930 1747 994 laudet.
1833 929 1997 996 Cum
2034 933 2212 996 idem

171 1018 575 1103 supplicium
619 1019 909 1083 minatur
955 1018 1223 1102 optimis
1270 1017 1540 1102 civibuS,
1587 1019 1759 1102 quod
1795 1039 1916 1104 ego
1963 1020 2040 1083 de
2077 1041 2210 1084 sce-

78 1133 141 1172 ιο
171 1106 593 1172 leratissimis
634 1128 725 1172 ,30
778 1106 1081 1190 pessimis
1139 1107 1558 1191 sumpserim,
1615 1106 1878 1170 laudare
1934 1106 2212 1191 videtur,

174 1195 370 1281 quasi
410 1193 658 1258 imitari
693 1195 880 1278 velit3
926 1216 1074 1260 cum
1112 1200 1333 1259 autem
1370 1195 1554 1258 illam
1589 1193 2010 1278 pulcherrimi
2047 1194 2213 1259 facti

173 1281 563 1348 memoriam
610 1282 893 1367 refricat,
942 1287 1087 1347 tum
1132 1304 1172 1347 a
1217 1284 1319 1347 sui
1367 1282 1691 1348 similibus
1738 1282 2049 1346 invidiam
2097 1284 2211 1348 ali-

175 1395 378 1456 quam
423 1371 494 1437 in
539 1393 641 1435 me
690 1371 1082 1436 commoveri
1128 1375 1339 1455 putat.
2230 1418 2271 1482 8

317 1459 443 1525 Sed
490 1459 647 1544 quid
686 1458 843 1524 fecit
880 1459 1065 1543 ipse?
1149 1459 1314 1525 Cum
1352 1463 1456 1524 tot
1493 1457 1705 1523 edicta
1738 1458 2300 1557 proposuisset,1⁹

87 1571 145 1612 15
176 1548 402 1631 edixit,
438 1552 513 1611 ut
552 1549 808 1612 adesset
846 1551 1111 1612 senatus
1146 1547 1453 1631 frequens
1492 1570 1546 1612 a.
1585 1548 1642 1611 d.
1680 1545 1848 1612 VIII
1878 1508 2300 1612 Kalendas19

175 1637 605 1720 Decembres3
669 1657 746 1702 80
812 1635 913 1700 1118
968 1636 1107 1719 ipse
1160 1657 1297 1700 non
1351 1635 1576 1700 adfuit.
1678 1637 1771 1700 At
1827 1657 1956 1718 quo
2013 1637 2208 1701 modo

176 1724 427 1790 edixit?
508 1723 690 1790 Haec
737 1729 907 1807 sunt,
951 1728 1028 1787 ut
1065 1724 1315 1809 opinor,
1361 1723 1613 1788 verba
1593 1745 1665 1787 111
1701 1727 2020 1788 extremo:
2104 1721 2209 1788 Si

180 1812 353 1897 quis
434 1834 584 1877 non
668 1811 1039 1895 adfuerit,
1128 1811 1328 1876 hunc
1411 1811 1864 1876 existimare
1948 1833 2208 1877 omnes

176 1905 555 1986 poterunt
610 1905 685 1965 et
740 1900 1117 1966 interitus
1172 1900 1319 1965 mei
1365 1904 1443 1966 et
1486 1898 2211 1985 perditissimorum

94 2014 151 2054 20
180 1989 693 2055 consiliorum
740 1993 1139 2054 auctorem
1175 1987 1460 2054 fuisse?
1546 1989 1724 2065 Quae
1764 1992 1918 2053 sunt
1952 1990 2212 2072 perdita

178 2078 498 2144 consilia?
554 2100 637 2141 an
692 2100 795 2161 ea,
850 2100 1013 2160 quae
1058 2078 1390 2162 pertinent
1436 2078 1517 2141 ad
1562 2077 1938 2141 libertatem
1983 2076 2211 2160 populi

178 2165 463 2232 Romani
531 2166 1059 2249 reciperandam?
1123 2188 1402 2249 quorum
1463 2165 1889 2230 consiliorum
1944 2163 2212 2230 Caesari

180 2277 284 2319 me
342 2258 676 2319 auctorem
732 2258 799 2318 et
851 2254 1261 2319 hortatorem
1320 2259 1387 2317 et
1433 2276 1574 2318 esse
1622 2258 1689 2318 et
1732 2253 1934 2318 fuisse
1979 2253 2210 2321 fateor.

183 2343 594 2426 Quamquam
664 2342 777 2407 ille
840 2364 972 2407 non
1036 2342 1219 2427 eguit
1285 2342 1558 2408 consilio
1625 2342 2034 2426 cuiusquam,
2099 2342 2213 2407 sed

104 2452 155 2492 25
183 2436 402 2496 tamen
450 2434 833 2514 currentem,
878 2436 955 2494 ut
1001 2432 1257 2515 dicitur,
1302 2429 1590 2495 incitavi.
1682 2428 1858 2495 Nam
1902 2430 2212 2495 interitus

184 2519 444 2603 quidem
504 2519 603 2582 tui
660 2519 803 2603 quis
860 2519 1069 2583 bonus
1122 2540 1254 2583 non
1303 2522 1476 2583 esset
1522 2522 1778 2603 auctor,
1825 2540 1972 2583 cum
2016 2519 2088 2583 in
2133 2540 2212 2584 eo

184 2607 359 2671 salus
406 2610 472 2671 et
515 2607 675 2670 vita.
700 2607 933 2690 optimi
981 2606 1312 2693 cuiusque,
1355 2607 1628 2671 libertas
1666 2606 1893 2690 populi
1928 2605 2212 2671 Romani

184 2694 595 2781 dignitasque
652 2694 1085 2759 consisteret?
1188 2657 1313 2759 Sed
1371 2716 1518 2759 cum
1557 2698 1696 2758 tam
1742 2694 1950 2759 atroci
1997 2694 2209 2758 edicto
2231 2706 2306 2755 20

182 2805 301 2848 nos
347 2783 833 2867 concitavisset,
888 2804 1003 2847 cur
1046 2783 1187 2866 ipse
1232 2804 1367 2847 non
1413 2782 1663 2847 adfuit?
1736 2781 1916 2847 Num
1959 2782 2214 2864 putatis

110 2901 159 2941 ao
186 2871 401 2956 aliqua
446 2893 514 2935 re
552 2872 731 2935 tristi
768 2892 843 2935 ac
882 2871 1147 2935 severa?
1230 2870 1381 2935 vino
1419 2874 1615 2954 atque
1653 2869 1863 2953 epulis
1901 2873 2215 2953 retentus,

187 2960 242 3024 si
282 2960 435 3024 illae
482 2960 710 3043 epulae
755 2959 977 3042 potius
1026 2980 1222 3042 quam
1257 2958 1536 3060 popinae
1572 2957 2002 3022 nominandae
2042 2960 2214 3040 sunt,

186 3048 352 3112 diem
425 3048 621 3112 edicti
687 3047 868 3112 obire
930 3046 1247 3131 neglexit,
1318 3047 1390 3110 in
1455 3051 1606 3110 ante
1671 3038 1844 3109 diem
1905 3048 2212 3127 quartum

186 3136 509 3200 Kalendas
583 3134 976 3200 Decembres
1050 3135 1327 3199 distulit.
1435 3135 1685 3198 Adesse
1748 3133 1817 3197 in
1882 3131 2212 3215 Capitolio

186 3224 401 3308 iussit3
440 3224 613 3307 quod
659 3223 728 3286 in
765 3222 1083 3306 templum
1120 3224 1260 3305 ipse
1296 3222 1518 3286 nescio
1559 3244 1688 3306 qua
1724 3243 1840 3304 per
1871 3218 2212 3285 Gallorum

116 3339 162 3379 85
190 3312 551 3376 cuniculum
590 3310 899 3375 ascendit.
978 3309 1436 3376 Convenerunt
1465 3310 1816 3394 coi-rogati,
1853 3312 1920 3373 et
1951 3308 2213 3392 quidem

189 3400 382 3483 ampli
420 3399 685 3483 quidam
721 3397 1038 3482 homines,
1076 3399 1189 3462 sed
1224 3398 1616 3462 inmemores
1665 3397 2008 3483 dignitatis
2039 3418 2212 3461 suae.
2308 3425 2316 3433 ·

187 3487 249 3552 Is
295 3487 470 3551 enim
517 3491 659 3552 erat
705 3486 869 3569 dies,
920 3508 997 3551 ea
1039 3486 1242 3570 fama,
1287 3486 1375 3569 is,
1421 3486 1534 3569 qui
1581 3490 1882 3551 senatum
1927 3489 2218 3556 vocarat,
