2550 3875
850 156 1004 214 cAP.
1047 165 1183 215 7-9
1222 164 1253 225 ς,
1294 164 1519 214 15-21.
1885 232 1888 237 ¹
2163 162 2206 225 9

169 339 369 402 quam
410 318 532 399 [in]
582 316 758 383 fretu
800 320 883 383 ad
930 320 1302 385 columnam
1341 320 1847 405 adhaeresceret,
1892 322 1963 386 in
2007 323 2212 387 tribu-

165 410 365 472 natus
411 410 679 490 portum
724 406 1123 509 perfugerat,
1168 410 1630 474 contemnebat
1675 409 1929 511 equites
1974 409 2210 476 Roma-

166 516 318 579 nos,
374 494 809 560 minitabatur
855 496 1139 581 senatui,
1193 497 1578 562 venditabat
1622 518 1692 563 se
1739 498 1954 581 operis
2012 502 2208 583 atque

170 584 252 647 ab
290 546 377 647 i'is
414 604 483 648 se
531 587 847 667 ereptum,
891 604 973 648 ne
1010 585 1089 648 de
1128 585 1384 649 ambitu
1421 607 1685 649 causam
1723 586 1984 670 diceret,
2029 608 2210 688 prae-

114 697 141 738 5
172 671 437 736 dicabat
464 672 546 735 ab
576 670 911 755 isdemque
950 694 1020 737 se
1059 673 1260 737 etiam
1289 673 1497 739 invito
1537 678 1768 739 senatu
1803 674 2210 758 provinciam

170 780 433 843 sperare
488 759 774 844 dicebat,
829 781 1100 844 eamque
1145 761 1275 825 nisi
1333 760 1606 845 adeptus
1653 766 1854 845 esset,
1910 783 1980 828 se
2034 763 2208 829 inco-

167 848 416 913 lumem
476 847 661 912 nullo
727 848 920 913 modo
983 848 1125 913 fore
1192 848 1661 914 arbitrabatur.
1750 849 1969 934 Alter,
2036 873 2074 916 o
2141 852 2206 915 di
2228 870 2296 919 19

168 936 363 1000 boni!
412 956 609 1018 quam
646 940 857 1001 taeter
892 936 1253 1020 incedebat,
1302 958 1498 1021 quam
1534 938 1964 1022 truculentus,
2011 960 2208 1022 quam

167 1022 489 1089 terribilis
528 1025 825 1108 aspectu!
899 1023 1122 1089 Unum
1160 1024 1446 1127 aliquem
1492 1028 1558 1090 te
1595 1048 1676 1091 ex
1709 1026 2008 1091 barbatis
2055 1027 2207 1111 illis,

85 1138 139 1178 ιο
169 1111 544 1212 exemplum
587 1111 846 1195 imperii
891 1113 1159 1196 veteris,
1205 1113 1563 1198 imaginem
1610 1136 1694 1177 an
1726 1114 2061 1198 iquitatis,
2105 1136 2208 1181 co-

165 1200 392 1264 lumen
446 1200 541 1265 rei
597 1199 899 1284 publicae
956 1201 1201 1265 diceres
1259 1202 1521 1266 intueri.
1611 1200 1712 1265 Ve
1780 1203 1914 1267 itus
1979 1224 2206 1287 aspere

163 1292 399 1353 nostra
450 1288 575 1353 hac
628 1310 917 1373 purpura
978 1289 1235 1375 plebeia
1291 1311 1366 1354 ac
1430 1311 1633 1374 paene
1689 1289 1762 1354 fu
1800 1312 1904 1374 ca,
1969 1290 2207 1373 capillo

164 1376 291 1440 ita
327 1376 595 1441 horrido
606 1426 625 1460 ,
694 1380 771 1440 ut
836 1375 1087 1461 Capua,
1155 1378 1226 1442 in
1291 1399 1419 1461 qua
1481 1378 1628 1461 ipsa
1691 1382 1834 1442 tum
1898 1378 2207 1463 imaginis

169 1465 500 1529 ornandae
538 1486 732 1529 causa
777 1464 1263 1529 duumviratum
1310 1466 1600 1551 gerebat,
1649 1464 2013 1551 Seplasiam
2061 1467 2208 1531 sub·

82 1577 137 1619 15
166 1553 427 1617 laturus
463 1552 809 1617 videretur.
883 1551 1059 1617 Nam
1097 1554 1253 1637 quid
1291 1574 1414 1639 ego
1462 1555 1540 1618 de
1579 1554 1927 1638 supercilio
1977 1554 2207 1637 dicam,

168 1641 346 1724 quod
392 1644 535 1704 tum
579 1640 955 1706 hominibus
1000 1663 1136 1706 non
1182 1642 1620 1726 supercilium,
1666 1643 1780 1707 sed
1824 1644 2065 1728 pignus
2111 1643 2208 1707 rei

165 1728 469 1813 publicae
533 1728 920 1793 videbatur?
1024 1728 1237 1794 Tanta
1301 1734 1445 1794 erat
1509 1730 1800 1815 gravitas
1864 1730 1934 1795 in
1999 1730 2207 1814 ocu10,

168 1821 361 1881 tanta
406 1817 771 1881 contractio
817 1816 1085 1901 frontis,
1138 1822 1215 1882 ut
1260 1818 1377 1883 illo
1434 1818 1782 1901 supercilio
1831 1840 2036 1883 annus
2092 1820 2206 1883 ille

164 1905 298 1970 niti
326 1908 662 1989 tamquam
697 1906 851 1970 vade
876 1905 1221 1971 videretur.
1293 1906 1462 1971 Erat
1497 1906 1606 1971 hic
1635 1907 1926 1972 omnium
1965 1929 2204 1973 sermo:
2225 1924 2300 1976 20

81 2019 139 2060 ω
169 1993 323 2059 ‘Est
350 1997 575 2058 tamen
602 1993 695 2058 rei
722 1994 1021 2078 publicae
1050 2015 1363 2080 magnum
1390 1995 1781 2079 firmumque
1811 1995 2202 2078 subsidium3

165 2082 399 2166 habe0,
447 2103 641 2165 quem
680 2103 1006 2165 opponam
1050 2083 1185 2147 labi
1222 2083 1324 2146 1111
1361 2086 1558 2166 atque
1597 2105 1822 2168 caeno3
1867 2084 2055 2148 vultu
2101 2105 2204 2147 me

167 2170 315 2235 dius
354 2169 545 2234 fidius
584 2169 875 2255 collegae
912 2171 1013 2234 sui
1050 2170 1390 2236 libidinem
1425 2171 1890 2255 levitatemque
1918 2170 2206 2256 franget3

164 2258 445 2322 habebit
490 2261 755 2322 senatus
801 2259 874 2322 in
916 2258 1089 2323 hunc
1136 2281 1396 2340 annum,
1447 2280 1641 2342 quem
1688 2263 2027 2343 sequatur3
2071 2281 2207 2323 non

167 2345 380 2410 deerit
434 2349 661 2410 auctor
714 2350 783 2410 et
838 2346 967 2410 dux
1019 2346 1254 2412 bonis?
1345 2346 1516 2411 Mihi
1571 2347 1846 2430 denique
1904 2347 2204 2412 homines

80 2457 137 2501 πε
164 2433 517 2518 praecipue
555 2434 1075 2519 gratulabantur,
1123 2435 1297 2519 quod
1332 2435 1680 2499 habiturus
1716 2456 1928 2501 essem
1977 2439 2206 2501 contra

166 2522 515 2586 tribunum
569 2523 657 2606 pl.
712 2522 1035 2587 furiosum
1098 2527 1165 2586 et
1226 2523 1535 2588 audacem
1589 2545 1737 2588 cum
1803 2523 2083 2588 amicum
2137 2527 2206 2589 et

167 2610 473 2693 adfinem,
516 2613 660 2674 tum
707 2610 910 2674 etiam
953 2609 1196 2676 fortem
1243 2615 1311 2675 et
1357 2632 1625 2696 gravem
1673 2611 2024 2676 consulem.

302 2697 524 2782 Atque
581 2720 806 2763 eorum
862 2699 1029 2763 alter
1083 2698 1321 2763 fefellit
1372 2700 1718 2764 neminem.
1813 2698 1974 2776 Quis
2031 2699 2204 2764 enim
2233 2698 2275 2763 9

163 2786 425 2852 clavum
463 2787 635 2850 tanti
681 2787 939 2870 imperii
984 2790 1205 2851 tenere
1253 2791 1322 2852 et
1368 2787 1811 2872 gubernacula
1855 2788 1951 2852 rei
1995 2788 2204 2871 publi-

78 2899 135 2940 ³0
162 2897 280 2940 cae
316 2878 603 2939 tractare
648 2874 721 2940 in
756 2875 1039 2940 maximo
1090 2896 1284 2940 cursu
1321 2897 1397 2940 ac
1443 2876 1750 2940 fiuctibus
1796 2897 1990 2959 posse
2037 2875 2205 2939 arbi-

162 2966 455 3028 traretur
499 2961 833 3027 hominem
880 2984 1207 3028 emersum
1253 2963 1474 3029 subito
1523 2985 1602 3029 ex
1646 2963 1971 3028 diuturnis
2032 2966 2205 3025 tene-

161 3051 303 3116 bris
350 3050 711 3116 lustrorum
758 3073 834 3116 ac
880 3055 1286 3136 stuprorum,
1331 3052 1512 3135 vino,
1558 3052 1816 3136 ganeis,
1861 3049 2204 3120 lenociniis

160 3139 637 3223 adulteriisque
674 3138 1062 3224 confectum,
1110 3161 1258 3205 cum
1294 3140 1354 3204 is
1391 3144 1652 3224 praeter
1689 3161 1872 3223 spem
1908 3139 1980 3202 in
2025 3137 2204 3202 altis·

160 3228 333 3293 simo
373 3228 583 3312 gradu
620 3227 851 3292 alienis
890 3228 1125 3311 opibus
1162 3227 1420 3311 positus
1461 3231 1652 3311 esset,
1691 3227 1804 3310 qui
1839 3248 1973 3291 non
2009 3225 2204 3290 modo

78 3338 131 3380 ω
160 3319 634 3400 tempestatem
685 3315 1146 3399 inpendentem
1191 3316 1435 3380 intueri
1480 3315 1906 3398 temulentus,
1965 3315 2079 3378 sed
2121 3335 2205 3378 ne

155 3404 379 3470 lucem
418 3403 681 3487 quidem
706 3403 1047 3468 insolitam
1086 3403 1374 3486 aspicere
1412 3403 1685 3488 posset?
1732 3402 1924 3467 Alter
1959 3402 2206 3466 multos
2225 3419 2291 3470 21
2325 3420 2329 3426 ’

148 3493 355 3577 plane
412 3491 486 3556 in
541 3491 752 3556 omnis
814 3492 1025 3576 partis
1081 3490 1336 3555 fefellit.
1425 3490 1593 3555 Erat
1640 3489 1814 3553 enim
1865 3489 2206 3554 hominum
