2550 3875
760 144 1185 246 ADNOTATIO
1225 191 1528 247 CRITICA.
1993 192 2166 249 XCIX

122 349 374 417 PEGH,
431 355 555 404 209.
578 355 647 405 26
692 350 795 404 ΤΕ
842 349 986 418 (rell.
1032 352 1223 419 saca),
1281 356 1493 406 357.12
1541 367 1759 420 omnes,
1816 354 1882 405 ut
1923 350 2166 419 videtur,

122 428 247 477 427.
271 427 305 475 9
334 421 409 475 V¹
450 423 769 491 (suscepere)
812 422 885 474 at
927 436 1093 485 susm
1129 420 1216 474 'ad
1260 421 1426 476 Arch.
1473 440 1528 491 p.
1568 426 1796 477 379.19.
1837 453 1906 464 --
1942 421 2004 477 Ρ.
2043 426 2163 477 356.

127 499 193 547 19
232 509 317 560 sq.
356 492 463 546 Ma
498 508 631 560 ms,
676 493 771 546 ille
814 508 915 546 rex
961 493 1037 559 (p.
1078 496 1161 547 62.
1184 493 1239 560 6)
1285 493 1484 561 Asiae,
1520 499 1761 563 posteaffi
1804 524 1869 533 —-—
1907 494 2169 560 devictus,

129 564 319 618 Tawro
346 509 667 617 Hofflnann.
691 560 1149 631 ‘Zeitpartikeln'
1180 579 1234 631 p.
1255 567 1324 617 47
1356 563 1464 618 del.
1495 580 1618 619 cum
1646 566 1706 617 et
1731 570 1824 633 est,
1855 564 2009 633 quod
2035 562 2165 617 add.

123 632 351 701 Lamb.‚
397 633 581 687 Klotz.
620 632 815 702 posuit
859 635 993 686 ante
1040 634 1307 699 devictum
1353 634 1429 687 ad
1474 651 1528 703 p.
1561 640 1609 689 6.
1631 638 1717 690 20.
1748 664 1816 675 —-·
1853 634 1915 689 P.
1953 638 2076 689 356.
2097 638 2167 688 26

124 706 424 761 distulerat
466 703 532 758 A.
572 732 641 743 ——
686 704 747 758 P.
787 708 909 759 356.
930 709 997 757 37
1044 706 1189 758 enim
1232 711 1313 761 est
1364 707 1455 759 iis
1506 703 1715 773 Klotz„
1771 712 1850 761 est
1897 707 2044 760 enim
2094 707 2169 760 iis

126 778 252 845 (his,
291 777 363 845 is)
389 773 518 842 AR,
550 772 687 829 ‘Col
719 773 896 842 Grut„
934 773 1021 828 ed.
1041 773 1180 829 Ven.
1204 776 1366 829 1472’
1399 774 1528 831 fort.
1557 778 1727 843 recte,
1779 776 1924 830 enim
1960 777 2011 830 is
2045 792 2164 830 orn.

124 854 205 901 est
239 845 301 901 F.
333 875 401 886 -
439 844 500 899 P.
531 850 651 899 357.
674 850 742 899 31
770 852 822 899 te
848 847 1051 899 iterum
1076 847 1201 903 tim.
1230 845 1540 901 Lehmann.
1567 845 1758 900 Herm.
1782 851 1920 900 1879
1957 862 2011 914 p.
2041 850 2164 899 454.

126 948 195 957 -
217 916 279 971 P.
300 920 469 971 358.2
499 916 852 987 deneyavisti
873 914 1049 982 DES,
1075 915 1262 970 Halm.
1284 915 1327 983 I,
1354 916 1545 984 Kays.,
1573 916 1764 982 Hein.;
1803 917 1878 969 ad
1905 934 1960 985 p.
1983 921 2188 971 27.32.-

126 1019 196 1027 -
225 986 288 1041 P.
318 991 441 1041 358.
464 992 497 1040 3
533 988 790 1041 maxima
817 984 1080 1040 Wesenb.
1122 985 1265 1041 Sest.
1304 1004 1358 1056 p.
1382 992 1448 1041 67
1479 1005 1572 1055 m.‚
1607 1002 1749 1042 recc.
1782 987 1907 1041 edd.
1942 988 2170 1055 praeter

124 1058 317 1111 Halm.
345 1057 397 1125 Ι,
433 1058 671 1111 maxime
708 1056 887 1124 codd.‚
925 1055 1113 1111 Halm.
1144 1056 1187 1112 Ι.

270 1196 828 1268 Philippicarum
864 1196 1183 1251 orationum
1218 1196 1388 1266 longe
1423 1197 1979 1267 praestantissimum
2017 1196 2167 1252 codi-

127 1286 253 1325 cem
290 1284 417 1323 esse
456 1270 681 1322 constat
705 1266 1117 1321 Vaticanum
1153 1266 1319 1320 illum
1345 1268 1400 1321 H
1428 1273 1514 1336 25,
1553 1268 1654 1336 qui
1689 1268 1944 1323 continet
1977 1286 2032 1338 p.
2063 1274 2168 1322 360

128 1344 334 1394 —514.
356 1344 427 1393 20
473 1340 549 1394 ad
597 1341 805 1407 virum,
862 1342 981 1393 526.
1005 1342 1072 1393 27
1120 1354 1308 1393 sumus
1361 1341 1614 1395 iudicare
1650 1344 1851 1393 -530,
1876 1344 1942 1393 19
1988 1355 2168 1409 corpO,

127 1414 451 1466 534-538,
476 1414 543 1462 18
589 1410 854 1464 acerbam.
928 1408 1111 1463 Multo
1147 1408 1328 1464 levior
1364 1411 1453 1463 est
1498 1408 1808 1464 auctoritas
1855 1412 2170 1464 ceterorum

129 1480 396 1536 codicum
432 1477 707 1547 omnium,
754 1495 825 1533 ex
861 1478 1067 1547 quibus
1104 1479 1366 1533 Halmius
1411 1479 1657 1535 maxime
1703 1479 1970 1534 adhibuit
2006 1482 2182 1548 quat-..

126 1556 277 1619 tuor,
316 1566 459 1619 quos
496 1548 693 1605 littera
726 1549 777 1603 D
815 1549 1258 1619 comprehendit,
1295 1550 1646 1620 Bamberg.
1677 1566 1729 1618 a,
1764 1552 2083 1605 Beruens.
2111 1550 2168 1620 b,

129 1620 522 1678 Gudianum
558 1638 611 1689 g,
649 1620 967 1689 Tegerns.
996 1622 1040 1689 t,
1077 1620 1139 1673 in
1174 1637 1251 1676 or.
1282 1621 1309 1674 Ι
1346 1624 1404 1675 et
1439 1620 1501 1675 in
1535 1620 1608 1676 iis
1640 1620 2008 1690 ‘reliquarum
2045 1636 2168 1675 ora-

128 1692 355 1747 tionum
388 1690 668 1772 partibus,
706 1706 854 1759 quae
884 1693 987 1744 aut
1017 1690 1079 1744 in
1103 1691 1156 1745 V
1183 1693 1287 1746 aut
1321 1690 1383 1744 in
1408 1692 1458 1745 D
1489 1691 1927 1759 desiderantur’,
1964 1691 2170 1745 Alani

130 1763 255 1818 cod.
294 1762 344 1829 i,
389 1779 450 1815 m
494 1761 625 1815 XIV
662 1778 741 1816 or.
769 1760 990 1815 Vatic.
1028 1766 1167 1816 3327
1206 1780 1258 1817 v.
1335 1762 1446 1817 Sed
1489 1764 1686 1816 tamen
1729 1762 2009 1843 optimum
2045 1763 2166 1818 cod.

126 1851 247 1888 non
281 1831 369 1886 ita
404 1834 697 1901 praestare
736 1830 1135 1900 deterioribus,
1182 1833 1249 1886 ut
1292 1832 1495 1887 horum
1529 1832 1690 1887 nulla
1717 1836 1804 1901 ,sit
1839 1832 2168 1900 auctoritas,

128 1905 193 1960 in
228 1902 321 1958 his
359 1904 526 1958 oratt.
564 1902 746 1957 multo
782 1901 1141 1957 manifestius
1178 1906 1267 1958 est
1303 1920 1476 1972 quam
1510 1902 1572 1957 in
1610 1902 1872 1959 Sestiana
1908 1902 2167 1972 aliisque,

129 1977 193 2030 in
240 1973 448 2043 quibus
493 1973 754 2028 Halmius
810 1989 948 2043 prae
992 1973 1238 2027 Parisini
1283 1992 1357 2029 m.
1389 1981 1418 2028 1
1469 1976 1685 2030 ceteros
1729 1974 1847 2029 fere
1895 1974 2166 2043 neglegit.

128 2043 455 2101 Librarium
500 2044 667 2099 arche
772 2043 795 2097 i
832 2042 1089 2098 codicum
1123 2044 1173 2097 D
1210 2044 1394 2099 multa
1428 2044 1489 2099 in
1532 2044 1720 2099 locum
1757 2061 1974 2126 eorum,
2023 2061 2168 2112 quae

129 2116 226 2172 vel
252 2115 446 2184 legere
472 2115 564 2169 vel
589 2114 710 2169 inte
757 2131 923 2184 egere
948 2131 1063 2169 non
1088 2115 1356 2184 potuerit,
1397 2131 1500 2169 sua
1525 2115 1759 2170 inventa
1787 2113 2168 2182 substituisse,

131 2203 282 2257 quae
322 2184 740 2255 displicuerint,
778 2184 1102 2254 correxisse,
1141 2185 1261 2239 alia
1297 2202 1397 2241 suo
1435 2185 1672 2240 arbitrio
1707 2185 2014 2254 addidisse,
2053 2185 2171 2238 alia

132 2255 451 2327 dempsisse
513 2255 952 2310 innumerabilia
1007 2256 1266 2326 exempla
1320 2257 1549 2325 docent,
1614 2257 1717 2310 sed
1776 2273 1892 2312 non
1947 2257 2168 2324 desunt,

131 2328 345 2398 quibus
390 2327 725 2382 ostendatur
768 2343 1121 2380 communem
1171 2326 1422 2381 omnium
1477 2326 1848 2396 archetypum
1901 2343 1938 2380 a
1981 2327 2034 2381 V
2077 2327 2172 2381 vel

128 2397 533 2468 neglegentius
569 2398 662 2452 vel
710 2396 970 2451 inscitius
1007 2397 1218 2452 lectum
1254 2399 1358 2450 aut
1393 2397 1741 2479 descriptum
1773 2413 1896 2452 esse
1925 2414 2098 2466 quam
2135 2413 2171 2452 a

133 2468 359 2524 ceteris.
413 2467 659 2523 Maxime
695 2467 979 2522 notabilia
1015 2470 1150 2522 sunt
1177 2468 1460 2536 quaedam
1485 2468 1753 2522 vit1orum
1781 2483 1990 2538 genera
2008 2467 2169 2522 Vati-

132 2540 264 2595 cani
291 2538 523 2609 propria
549 2539 709 2592 velut
736 2554 821 2606 ea,
850 2539 921 2592 de
950 2538 1156 2606 quibus
1184 2537 1306 2592 dixi
1332 2539 1408 2592 ad
1439 2557 1494 2608 p.
1517 2545 1565 2594 3.
1587 2545 1673 2607 20,
1711 2544 1833 2594 453.
1855 2545 1942 2606 33,
1978 2538 2167 2593 Halm.

130 2629 185 2680 p.
220 2616 379 2665 1277.
403 2616 435 2662 2
474 2608 591 2678 (hic
635 2627 690 2679 p.
718 2613 841 2664 416.
864 2615 897 2662 2
935 2611 1382 2732 Ροεωῖαῦαῡαίέ.
1447 2608 1716 2690 Codicum
1751 2609 1801 2662 D
1837 2609 2018 2664 multo
2055 2625 2170 2662 me·

130 2681 305 2736 liores
346 2682 480 2734 sunt
512 2679 553 2732 b
579 2682 640 2734 et
672 2681 701 2734 t
737 2696 910 2747 quam
948 2695 984 2733 a
1010 2681 1071 2734 et
1105 2696 1146 2748 g
1172 2679 1289 2748 (hic
1355 2679 1508 2734 eficit
1542 2698 1596 2750 p.
1629 2685 1838 2734 54217
1878 2681 2167 2750 operibus).

129 2751 227 2806 Illi
262 2751 351 2805 ita
386 2749 537 2804 inter
573 2767 633 2805 se
671 2749 963 2818 differunt,
1000 2751 1067 2804 ut
1100 2749 1397 2803 librarium
1432 2749 1588 2804 illius
1625 2749 1921 2818 aliquanto
1956 2749 2170 2805 doctio-

129 2839 269 2890 rem,
308 2820 477 2875 huius
506 2822 684 2902 paulo
712 2819 1133 2890 diligentiorem
1160 2823 1220 2875 et
1244 2820 1646 2876 modestiorem
1671 2819 1847 2875 fuisse
1876 2822 2168 2890 appareat,

130 2909 249 2946 non
284 2891 427 2960 quin
460 2891 556 2945 hic
590 2893 657 2946 ut
691 2890 753 2945 in
789 2889 919 2944 aliis
958 2890 1311 2946 orationibus
1349 2893 1421 2961 (v.
1455 2892 1532 2945 ad
1560 2891 1720 2947 Caec.
1751 2894 1809 2945 et
1846 2890 2008 2961 Sull.)
2044 2906 2168 2959 per-

130 2962 322 3016 multa
350 2960 621 3030 omiserit,
651 2961 726 3015 ad
754 2961 1053 3016 arbitrium
1082 2962 1364 3030 quaedam
1391 2962 1698 3016 mutaverit
1720 2961 1900 3032 (velut
1925 2979 1981 3030 p.
2003 2965 2122 3015 374.
2137 2967 2168 3013 7

132 3050 267 3086 cum
300 3031 435 3087 Isid.
465 3035 839 3102 pertimescere
875 3049 979 3087 scr.
1016 3049 1119 3102 pro
1149 3034 1578 3102 perhorrescere,
1618 3039 1737 3088 389.
1760 3039 1792 3087 8
1830 3034 2032 3102 quippe
2066 3047 2172 3099 pro

122 3109 441 3173 praeterea,
487 3108 609 3158 432.
630 3108 697 3157 21
744 3105 917 3172 faisse
961 3119 1063 3172 pro
1101 3102 1328 3159 Suessae
1341 3145 1354 3171 ,
1390 3103 1443 3158 V
1477 3110 1708 3171 suessat,
1757 3119 1841 3172 ag
1883 3101 2084 3168 sae-sse,
2131 3100 2170 3154 b

129 3190 333 3242 suesce,
369 3178 534 3228 441.1
567 3174 898 3229 lucidissime
923 3190 1026 3243 pro
1048 3174 1251 3242 tulisse,
1290 3178 1412 3228 441.
1425 3181 1456 3228 3
1483 3191 1564 3242 sq.
1587 3191 1692 3245 per
1717 3176 1827 3230 vim
1852 3173 2168 3240 uitio-seque,

130 3243 208 3299 ib.
242 3250 312 3299 10
352 3246 645 3314 dissipasse
679 3261 781 3314 pro
810 3247 997 3316 perire
1023 3247 1295 3314 potuisse,
1334 3249 1454 3299 472.
1475 3249 1511 3298 4
1547 3247 1598 3300 si
1631 3259 1734 3315 pro
1771 3260 1918 3310 cum,
1960 3247 2080 3296 529.
2102 3247 2171 3296 20

132 3322 420 3386 arqenteos
445 3332 549 3384 pro
576 3318 811 3385 awreos),
848 3315 950 3369 sed
985 3314 1231 3384 primum
1257 3315 1401 3369 haec
1429 3317 1564 3369 sunt
1587 3317 1710 3368 tam
1734 3329 1867 3366 rara
1894 3312 2169 3382 exempla,

131 3388 199 3438 ut
243 3402 360 3440 non
404 3385 585 3440 multo
621 3386 789 3454 plura
834 3384 1218 3454 inveniantur,
1267 3388 1328 3440 et
1363 3384 1414 3439 si
1449 3401 1596 3454 quae
1635 3386 1769 3438 sunt
1805 3382 2041 3451 similia,
2087 3383 2170 3436 in-

132 3454 365 3510 scitiam
400 3455 592 3526 potius
619 3454 864 3510 hominis
894 3459 1141 3526 arguunt
1168 3473 1341 3525 quam
1375 3455 1634 3510 fraudem
1663 3456 1751 3524 (ut
1777 3454 1928 3522 quod
1957 3460 2078 3508 469.
2102 3460 2168 3508 27

128 3543 247 3582 non
284 3529 433 3584 enim
478 3525 705 3597 scripsit
743 3543 846 3598 pro
884 3529 1085 3597 omine,
1121 3528 1174 3583 V
1208 3529 1449 3596 homine,
1498 3543 1582 3596 ag
1615 3527 1908 3593 hominem,
1956 3529 2168 3579 491.13

1772 3614 1850 3682 g..
