2550 3875
835 163 988 219 cAP.
1025 169 1166 218 2-4
1203 169 1234 230 ς
1270 169 1431 220 6-9.
2028 164 2157 229 261

121 326 296 402 Quid
339 346 463 410 ego
507 329 807 390 senatum
845 324 1186 390 defendam
1221 325 1350 390 hoc
1384 325 1552 409 loce,
1596 325 1889 391 iudices?
1963 325 2161 390 Omni

119 414 422 498 equidem
464 413 612 479 loco
659 414 890 498 debe03
934 414 1033 477 ita
1077 414 1155 478 de
1201 435 1307 479 me
1356 418 1457 478 est
1502 413 1778 478 meritus
1823 413 1936 478 ille
1975 415 2161 498 ord03

117 503 240 568 sed
296 522 416 566 nec
479 501 547 566 id
611 502 832 587 agitur
893 501 1021 566 hoc
1085 505 1410 586 tempore,
1467 523 1588 567 nec
1654 524 1803 568 cum
1857 465 2161 566 Postumi

119 611 318 656 causa
362 611 468 654 res
505 589 637 654 ista
673 590 1023 655 coniuncta
1059 594 1177 654 est.
1253 589 1666 673 Quamquam
1704 591 1786 654 ad
1823 593 2159 674 sumptum

65 703 79 743 1
117 677 397 761 itineris,
433 678 515 742 ad
551 678 734 742 illam
771 677 1331 779 magnificentiam
1363 682 1718 762 apparatus
1748 679 2161 744 comitatum-

119 787 250 851 que
276 765 532 851 regium
560 767 981 850 suppeditata
1005 766 1282 850 pecunia
1302 788 1341 830 a
1357 765 1677 832 Postumo
1698 770 1800 832 est
1818 767 2159 850 factaeque

115 854 532 939 syngraphae
571 855 777 919 sunt
757 877 829 918 111
856 855 1117 920 Α1116110
1147 852 1262 920 On.
1293 854 1586 955 Pompei,
1623 876 1771 920 cum
1806 855 1918 919 ille
1946 854 2161 919 Roma

113 942 454 1028 profectus
503 946 705 1028 esset,
749 946 974 1007 tamen
1015 964 1151 1007 non
1196 942 1424 1008 debuit
1468 943 1557 1029 is,
1600 943 1715 1027 qui
1758 942 1983 1027 dabat,
2030 964 2159 1026 quo

116 1032 298 1095 modo
343 1030 456 1095 ille
469 1081 487 1115 ,
535 1031 648 1114 qui
686 1031 1066 1115 accipiebat,
1114 1035 1549 1115 consumeret,
1593 1051 1918 1115 quaerere.
2008 1029 2162 1095 Non

121 1118 300 1183 enim
335 1119 600 1201 latroni,
637 1118 750 1183 sed
786 1119 929 1203 regi
967 1118 1260 1202 credidit,
1296 1140 1417 1184 nec
1452 1118 1598 1204 regi
1632 1119 1899 1184 inimico
1935 1118 2163 1202 populi

113 1206 432 1290 Romani,
489 1169 602 1271 8611
655 1207 745 1292 61,
800 1207 982 1272 6111118
1041 1169 1327 1272 reditum
1382 1207 1639 1271 consuli
1694 1207 2075 1271 mandatum
2122 1227 2165 1270 a

116 1300 353 1360 senatu
391 1294 677 1380 videbat,
709 1315 830 1360 1166
865 1295 927 1360 61
963 1294 1124 1380 regi,
1162 1295 1276 1378 qui
1314 1295 1567 1359 alienus
1605 1296 1688 1359 ab
1724 1296 1851 1360 1106
1888 1294 2164 1378 imperio

115 1387 313 1466 esset,
359 1384 474 1447 sed
512 1382 592 1467 ei,
629 1382 892 1466 quicum
930 1382 1160 1448 foedus
1196 1383 1435 1448 feriri
1416 1406 1488 1447 111
1525 1381 1855 1467 Capitolio
1892 1383 2163 1447 viderat.

118 1470 374 1548 Quodsi
439 1470 722 1536 creditor
787 1475 889 1535 est
951 1471 1024 1535 in
1079 1471 1297 1555 culpa,
1358 1493 1495 1536 non
1547 1471 1634 1555 18,
1698 1472 1812 1555 qui
1863 1470 2161 1554 improbe
2186 1482 2217 1526 '2

122 1559 377 1624 credita
423 1557 701 1642 pecunia
745 1579 901 1623 usus
947 1564 1058 1637 est,
1116 1559 1461 1624 damnetur
1504 1560 1591 1642 18,
1646 1560 1760 1643 qui
1805 1558 2166 1623 fabricatus

119 1646 422 1732 gladium
470 1650 573 1710 est
618 1650 687 1711 et
731 1646 1039 1731 vendidit,
1082 1669 1218 1712 non
1260 1647 1339 1730 18,
1385 1647 1498 1731 qui
1544 1647 1660 1711 illo
1701 1647 1921 1732 gladio
1960 1647 2169 1711 civem

115 1735 412 1817 aliquem
447 1734 801 1800 interemit.
859 1735 1070 1812 Quam
1109 1736 1193 1800 ob
1231 1757 1373 1799 rem
1404 1757 1615 1819 neque
1644 1739 1736 1819 tu,
1783 1733 1854 1801 O.
1881 1735 2170 1820 Memmi,

113 1824 251 1888 hoc
296 1821 510 1886 facere
556 1823 780 1907 debes,
823 1826 901 1887 ut
947 1827 1266 1906 senatum,
1313 1823 1495 1888 cuius
1541 1823 1925 1888 auctoritati
1954 1827 2037 1887 'te
2084 1824 2168 1887 ab

115 1910 569 1977 adulescentia
631 1911 898 1996 dedisti,
959 1912 1032 1977 in
1093 1915 1283 1977 tanta
1347 1911 1619 1977 infamia
1678 1911 1926 1977 versari
1989 1911 2172 1996 velis,

111 2020 335 2083 neque
391 2020 514 2085 ego
564 2000 658 2084 id,
716 2001 892 2084 quod
934 2023 1071 2065 non
1115 2000 1365 2085 agitur,
1420 2000 1777 2065 defendere.
1867 1998 2171 2064 Postumi

113 2088 299 2153 enim
354 2109 580 2173 661186,
635 2109 1079 2172 quaecumque
1136 2092 1266 2173 est,
1320 2088 1619 2153 seiuncta
1674 2109 1715 2153 a
1768 2090 2001 2152 senatu
2051 2091 2170 2152 est.

113 2175 376 2252 Quodsi
436 2177 598 2240 item
663 2198 704 2241 a
760 2175 1043 2241 Gabinio
1109 2176 1475 2241 seiunctam
1534 2177 1909 2260 ostendere,
1976 2180 2167 2260 certe,
2188 2187 2221 2235 8

117 2263 306 2347 quod
352 2264 549 2347 dicas,
592 2264 761 2329 nihil
806 2264 1098 2329 habebis.

256 2351 386 2416 Est
413 2352 586 2418 enim
612 2352 776 2418 haec
807 2374 1002 2417 causa
1039 2352 1216 2428 ‘Quo
1244 2370 1339 2416 EA
1365 2369 1671 2418 pneuma
1696 2369 2139 2416 Pnnvnnnm'r

55 2466 74 2507 5
115 2439 318 2523 quasi
351 2441 668 2523 quaedam
697 2439 1126 2524 appendicula
1152 2462 1385 2505 causae
1413 2441 1736 2506 iudicatae
1766 2445 1963 2523 atque
1990 2441 2161 2504 dam-

113 2530 340 2591 natae.
418 2526 586 2592 Sunt
631 2528 784 2593 lites
832 2528 1222 2593 aestimatae
1266 2528 1346 2593 A.
1394 2527 1695 2611 Gabinio,
1738 2550 1859 2593 nec
1902 2529 2173 2611 praedes

112 2614 266 2679 dati
313 2637 434 2680 nec
480 2638 559 2680 ex
603 2616 796 2681 bonis
842 2616 1087 2700 populo
1134 2616 1440 2682 universa
1473 2617 1751 2701 pecunia
1791 2620 2021 2681 exacta
2056 2620 2176 2681 est.

114 2702 325 2767 Iubet
380 2703 487 2767 lex
540 2703 714 2768 Iulia
766 2704 1073 2788 persequi
1125 2703 1206 2768 ab
1253 2703 1366 2788 iis,
1422 2706 1503 2769 ad
1551 2726 1717 2789 quos
1763 2727 1839 2769 ea
1882 2704 2175 2788 pecunia,

113 2813 326 2875 quam
370 2792 427 2855 18
476 2792 744 2878 ceperit,
789 2793 902 2876 qui
948 2793 1295 2857 damnatus
1344 2793 1454 2879 sit,
1496 2793 1884 2877 pervenerit.
1960 2790 2030 2856 Si
2073 2795 2176 2855 est

55 2908 58 2917 ·
109 2880 252 2943 hoc
306 2901 552 2944 novum
606 2880 677 2944 in
731 2881 877 2965 lege
928 2879 1124 2963 Iulia,
1182 2880 1380 2945 sicuti
1424 2882 1637 2946 multa
1683 2886 1839 2946 sunt
1886 2879 2174 2943 severius

114 2966 379 3050 scripta
417 2988 615 3051 quam
651 2968 723 3032 in
759 2968 1048 3051 antiquis
1086 2968 1347 3054 legibus
1385 2973 1453 3033 et
1482 2969 1793 3052 sanctius,
1830 2968 2176 3032 inducatur

111 3076 284 3119 86116
333 3056 535 3119 etiam
581 3056 982 3121 consuetudo
1020 3055 1216 3121 huius
1254 3057 1514 3141 generis
1549 3056 1943 3122 iudiciorum
1976 3076 2175 3138 nova3

110 3144 226 3208 sin
268 3142 399 3207 1106
437 3144 715 3209 totidem
751 3144 970 3209 verbis
1008 3145 1409 3209 translatum
1446 3150 1643 3229 caput
1680 3149 1801 3228 est,
1847 3147 2010 3226 quot
2046 3141 2174 3205 fuit
2194 3154 2229 3201 9

106 3253 257 3296 non
295 3232 550 3297 1110110
531 3254 602 3295 111
640 3231 964 3319 Cornelia,
1009 3233 1121 3296 sed
1160 3232 1363 3297 etiam
1400 3237 1552 3298 ante
1588 3234 1660 3297 in
1695 3234 1841 3318 lege
1881 3228 2178 3315 Servilia,

55 3346 76 3386 5
109 3340 242 3403 per
289 3319 446 3384 deos
494 3282 964 3385 immortales!
981 3320 1139 3404 quid
1185 3320 1463 3405 agimus,
1508 3320 1774 3405 iudices,
1820 3322 1937 3383 aut
1984 3340 2178 3402 quem

107 3408 300 3472 hunc
365 3428 620 3472 morem
680 3430 1002 3473 novorum
1067 3407 1458 3473 iudiciorum
1521 3409 1594 3472 in
1654 3431 1795 3473 rem
1846 3407 2179 3493 publicam

109 3494 543 3560 inducimus?
643 3496 811 3560 Erat
867 3496 1040 3560 enim
1094 3495 1258 3561 haec
1316 3497 1719 3563 consuetudo
1774 3500 1938 3561 nota
1989 3496 2183 3561 vobis

2140 2350 2163 2378 ,
2187 2318 2231 2380 4

2182 2403 2259 2472 (8)
