2550 3875
333 182 466 247 266
689 184 834 239 PRO
874 184 934 240 C.
969 181 1269 237 RABIRIO
1308 182 1652 240 POSTUMO
1690 182 1981 239 ORATIO.

332 345 446 410 ille
493 344 936 428 commiserat,
977 345 1048 409 in
1092 345 1395 410 maximis
1440 345 1749 430 periculis
1794 345 2179 428 insidiisque
2228 365 2376 408 esse

332 437 666 498 versatum
713 433 1109 517 accepimus3
1160 433 1659 517 Callisthenem,
1706 435 1973 499 doctum
2014 432 2374 515 hominem,

334 522 643 587 comitem
705 520 932 606 Magni
996 520 1380 607 Alexandri,
1450 523 1532 586 ab
1598 523 1969 587 Alexandro
2032 525 2374 602 necatum3

332 609 742 675 Demetrium
789 614 857 673 et
903 632 980 673 ex
1026 631 1096 674 re
1140 610 1409 694 publica
1451 610 1787 692 [Athenis]
1801 662 1817 694 ,
1874 631 2070 694 quam
2118 609 2370 692 optime

333 702 646 784 gesserat,
694 701 759 761 et
797 719 875 761 ex
912 697 1210 762 doctrina
1245 698 1537 763 nobilem
1575 703 1642 762 et
1679 699 1944 782 clarum,
1988 697 2100 782 qui
2138 697 2371 761 Phale-
2428 717 2458 759 5

332 807 482 850 reus
547 786 876 850 vocitatus
943 790 1070 870 est,
1143 787 1214 850 in
1278 786 1505 851 eodem
1569 787 1699 851 isto
1763 786 2095 872 Aegyptio
2160 807 2372 872 regno

247 884 318 934 24
337 874 558 958 aspide
615 875 698 938 ad
755 895 989 957 corpus
1044 874 1309 939 admota
1352 875 1493 940 vita
1538 897 1679 940 esse
1725 876 2071 959 privatum.
2163 873 2372 938 Plane

335 963 651 1028 confiteor
705 962 847 1026 fieri
901 962 1068 1026 nihil
1123 985 1319 1047 posse
1375 963 1741 1028 dementius
1798 985 1996 1048 quam
2050 961 2373 1028 scientem

333 1052 405 1116 in
458 1074 608 1116 eum
660 1052 879 1116 10011111
933 1051 1178 1135 venire,
1231 1052 1347 1116 ubi
1401 1052 1778 1116 libertatem
1834 1052 1924 1116 sis
1973 1051 2371 1135 perditurus·

337 1137 463 1204 Sed
526 1138 721 1204 huius
787 1139 994 1223 ipsius
1058 1139 1219 1204 facti
1285 1140 1644 1205 stultitiam
1699 1139 1829 1205 alia
1881 1140 2014 1204 iam
2068 1140 2372 1223 superior
2398 1159 2461 1201 10

334 1227 624 1292 stultitia
659 1227 966 1311 defendit,
1012 1250 1176 1311 quae
1214 1227 1392 1313 facit,
1434 1234 1510 1293 ut
1546 1229 1673 1294 hoc
1711 1228 2179 1293 stultissimum
2216 1226 2373 1292 faci-

332 1337 476 1399 nus,
515 1315 688 1400 quod
725 1316 796 1380 in
831 1337 1106 1400 regnum
1143 1317 1412 1400 venerit,
1450 1316 1624 1400 quod
1661 1317 1804 1402 regi
1842 1338 1912 1381 se
1946 1316 2373 1400 commiserit,

336 1404 665 1487 sapienter
737 1403 986 1468 factum
1049 1426 1189 1469 esse
1255 1404 1579 1489 videatur,
1653 1405 1975 1489 siquidem
2036 1426 2166 1470 mm
2231 1409 2373 1468 tam

335 1513 590 1574 semper
645 1492 837 1556 stulti
894 1514 1090 1575 quam
1145 1515 1290 1558 sero
1337 1494 1651 1577 sapientis
1700 1497 1828 1578 est,
1884 1515 2033 1558 cum
2080 1492 2373 1558 stultitia

336 1601 455 1643 sua
507 1579 860 1663 impeditus
913 1581 1029 1664 sit,
1084 1603 1347 1664 quoquo
1394 1583 1587 1646 modo
1634 1583 1874 1666 possit,
1930 1603 1999 1646 se
2046 1581 2369 1664 expedire.
2398 1599 2457 1640 1⁵

243 1676 314 1726 25
339 1667 549 1742 Quam
597 1667 682 1732 ob
728 1689 867 1733 rem
912 1668 1074 1732 illud
1121 1673 1384 1734 maneat
1430 1675 1497 1734 et
1542 1670 1745 1735 fixum
1792 1671 1899 1755 sit,
1945 1670 2119 1754 quod
2156 1691 2371 1752 neque

333 1755 581 1820 moveri
634 1777 844 1840 neque
899 1758 1142 1821 mutari
1195 1761 1446 1842 potest:
1525 1757 1606 1822 In
1656 1781 1785 1843 quo
1834 1759 2023 1842 aequi
2072 1779 2372 1840 sperasse

333 1842 721 1908 Postumum
763 1844 1004 1929 dicunt,
1039 1867 1342 1930 peccasse
1380 1846 1608 1931 iniqui,
1644 1847 1785 1931 ipse
1820 1846 2019 1911 etiam
2046 1847 2371 1928 insanisse

335 1954 403 1997 se
462 1932 838 2017 confitetur,
895 1935 1068 2018 quod
1123 1956 1335 2019 suam,
1391 1935 1564 2019 quod
1616 1936 1977 2001 amicorum
2021 1935 2369 2019 pecuniam

334 2021 476 2107 regi
515 2021 861 2086 crediderit
899 2043 1046 2087 cum
1083 2026 1270 2088 tanto
1309 2023 1724 2089 fortunarum
1762 2046 2027 2089 suarum
2058 2024 2369 2107 periculo,
2398 2042 2453 2082 20

333 2108 460 2174 1100
495 2109 756 2193 quidem
785 2112 983 2174 semel
1014 2115 1318 2195 suscepto
1350 2117 1547 2196 atque
1576 2116 1914 2177 contracto
1941 2113 2371 2195 perpetienda

331 2198 449 2261 illa
483 2196 768 2281 fuerunt,
803 2203 880 2262 ut
917 2220 986 2263 se
1025 2199 1374 2282 aliquando
1404 2222 1480 2265 ac
1510 2222 1662 2265 suos
1690 2201 2066 2265 vindicaret.
2130 2199 2369 2283 Itaque

337 2284 584 2349 obicias
674 2284 830 2350 licet
923 2308 1120 2370 quam
1208 2289 1390 2352 voles
1466 2310 1657 2373 saepe
1728 2289 2077 2373 palliatum
2142 2288 2370 2371 fuisse,

253 2423 258 2427 .
336 2372 556 2455 aliqua
591 2372 898 2439 habuisse
933 2396 1068 2439 non
1094 2374 1378 2440 Romani
1404 2376 1689 2442 hominis
1718 2377 2024 2462 insignia,
2060 2378 2369 2459 quotiens

334 2482 562 2524 eorum
609 2461 945 2545 quippiam
992 2463 1186 2548 dices,
1232 2464 1477 2528 totiens
1514 2487 1718 2530 unum
1756 2466 1930 2530 dices
1968 2468 2165 2549 atque
2202 2467 2371 2530 idem
2397 2480 2451 2523 25

334 2547 516 2632 illud,
561 2552 804 2613 temere
848 2550 1023 2614 hunc
1067 2552 1411 2635 pecuniam
1456 2553 1599 2638 regi
1639 2554 2004 2637 credidisse,
2050 2574 2203 2618 suas
2239 2553 2370 2617 for-

241 2645 314 2695 26
335 2640 528 2700 tunas
576 2641 772 2719 atque
817 2637 1062 2702 famam
1106 2640 1365 2703 libidini
1410 2642 1627 2726 regiae
1676 2642 2095 2706 commisisse.
2176 2640 2372 2706 Fece-

334 2727 440 2786 rat
505 2728 776 2809 temere,
839 2725 1081 2811 fateor3
1145 2729 1388 2792 mutari
1442 2728 1692 2794 factum
1745 2730 1877 2793 iam
1930 2729 2112 2794 nullo
2167 2730 2369 2794 modo

332 2815 624 2896 poterat3
689 2817 805 2876 aut
868 2814 1143 2897 pallium
1208 2817 1592 2880 sumendum
1647 2817 2106 2900 Alexandriae,
2171 2821 2249 2881 ut
2306 2817 2368 2881 ei

334 2898 583 2962 Romae
638 2902 870 2984 togato
928 2923 1068 2965 esse
1124 2902 1380 2987 liceret,
1446 2908 1561 2967 aut
1617 2926 1839 2969 omnes
1895 2904 2198 2968 fortunae
2256 2906 2367 2969 ab·
2397 2922 2452 2962 ³⁰

235 2985 316 3049 10
333 2985 650 3070 iciendae,
707 2987 763 3051 si
819 2991 1046 3073 togam
1101 2989 1500 3055 retinuisset.
1590 2990 1991 3057 Deliciarum
2047 3014 2245 3057 causa
2300 2997 2371 3057 et

333 3073 696 3157 voluptatis
752 3096 889 3139 non
943 3076 1134 3141 modo
1195 3078 1353 3143 civis
1410 3078 1769 3164 Romanos,
1833 3081 1947 3144 sed
2002 3083 2069 3145 et
2119 3081 2370 3146 nobilis

337 3160 772 3226 adulescentis
820 3168 888 3228 et
935 3164 1252 3247 quosdam
1298 3166 1499 3231 etiam
1546 3173 1880 3234 senatores
1924 3189 2179 3232 summo
2217 3170 2369 3235 loco

334 3252 528 3347 natos
573 3270 708 3314 non
751 3250 822 3314 in
865 3250 1080 3316 hortis
1127 3258 1242 3317 aut
1286 3255 1675 3321 suburbanis
1716 3256 1870 3340 suis,
1917 3258 2029 3321 sed
2066 3255 2370 3342 Neapoli,

244 3345 312 3393 2⁷
335 3357 406 3397 111
443 3337 865 3402 celeberrimo
905 3340 1163 3424 oppido,
1200 3342 1247 3425 †
1284 3342 1707 3427 maeciapella
1742 3366 1933 3429 saepe
1961 3344 2167 3410 videri
2196 3346 2369 3411 chla-
2398 3361 2451 3403 ³⁵

337 3422 676 3520 mydatum
721 3424 910 3489 illum
944 3424 1019 3489 L.
1068 3425 1320 3492 Sullam
1365 3430 1846 3514 imperatorem.
1918 3431 1993 3497 L.
2038 3455 2191 3498 vero
2232 3432 2371 3500 Sci-

337 3510 580 3593 pionis,
636 3510 748 3593 qui
803 3512 1052 3577 bellum
1105 3514 1175 3577 in
1222 3516 1383 3579 Asia
1428 3519 1636 3602 gessit
1680 3518 2211 3605 Antiochumque
2262 3523 2371 3587 de-
