2550 3875
765 231 920 286 cAP.
959 236 1131 286 8—11
1172 239 1202 298 ς
1242 238 1468 287 21—26.
2008 231 2135 296 531

122 397 406 480 fecimus,
461 397 691 460 urbem
736 397 805 459 et
849 415 954 459 res
1001 395 1283 458 urbanas
1329 394 1668 466 vobiscum
1713 394 1959 479 pariter
2004 399 2141 461 tue-

119 485 344 550 bimur.
441 483 671 567 Neque
739 503 890 547 vero
956 503 1182 546 recuso
1238 504 1474 548 munus
1527 483 1679 568 hoc,
1744 505 2140 568 quamquam

117 574 420 658 populum
484 570 854 636 Romanum
918 570 1105 634 video
1169 592 1289 653 pro
1354 593 1458 635 me
1512 592 1825 637 recusare.
1925 570 2139 637 Nemo

119 683 217 726 me
253 661 465 726 minus
503 659 790 736 timidus,
831 680 1022 723 nemo
1061 662 1284 722 tamen
1324 659 1593 724 cautior.
1665 658 1797 724 Res
1833 661 2139 726 declarat.

117 749 478 815 Vicesimus
535 769 741 812 annus
789 749 917 830 est,
973 767 1116 811 cum
1167 765 1392 811 omnes
1441 748 1741 812 scelerati
1786 770 1889 813 me
1936 771 2139 813 unum

117 841 360 922 petunt.
415 836 647 920 Itaque
684 835 829 919 ipsi,
865 856 946 899 ne
985 835 1198 899 dicam
1229 835 1411 920 mihi,
1448 835 1543 900 rei
1571 835 1868 920 publicae
1895 858 2138 921 poenas

119 925 451 1008 dederunt,
516 946 618 990 me
679 925 932 990 salvum
989 923 1198 988 adhuc
1253 944 1358 988 res
1413 924 1677 1008 publica
1732 927 2139 990 conservavit

119 1013 260 1078 sibi.
357 1011 609 1076 Timide
671 1012 797 1078 hoc
857 1011 1096 1096 dicam3
1159 1012 1296 1076 scio
1352 1012 1524 1076 enim
1581 1012 1836 1095 quidvis
1890 1013 2140 1078 homini

117 1101 401 1167 accidere
436 1122 655 1185 posse,
693 1122 917 1165 verum
953 1105 1174 1165 tamen
1211 1101 1412 1165 semel
1452 1100 1915 1166 circumsessus
1954 1102 2140 1167 lectis

118 1189 708 1255 valentissimorum
773 1189 1111 1254 hominum
1175 1188 1423 1254 viribus
1490 1189 1691 1253 cecidi
1756 1190 1994 1273 scienS,
2065 1193 2141 1254 ut

115 1277 572 1343 honestissime
616 1298 879 1361 possem
925 1298 1252 1361 exurgere.
1327 1275 1687 1341 Possumne
1732 1277 1940 1362 igitur
1978 1278 2140 1342 satis
2160 1289 2229 1339 25

115 1366 316 1432 videri
371 1371 600 1432 cautus
610 1416 627 1448 ,
683 1367 846 1431 satis
891 1365 1227 1448 providus,
1284 1366 1340 1430 si
1386 1387 1492 1430 me
1536 1365 1689 1430 huic
1734 1366 1955 1429 itineri
2003 1370 2141 1430 tam

113 1454 352 1519 infesto
417 1458 682 1536 tamque
718 1452 1112 1554 periculoso
1179 1453 1613 1518 commisero?
1714 1451 2007 1518 Gloriam
2072 1455 2142 1520 in

114 1547 324 1608 morte
387 1543 627 1607 debent
687 1541 762 1625 ii,
828 1541 940 1624 qui
1003 1542 1070 1605 in
1132 1563 1204 1606 re
1258 1542 1523 1625 publica
1577 1546 1945 1624 versantur,
2008 1565 2143 1608 non

114 1632 340 1718 culpae
417 1629 985 1714 reprehensionem
1057 1633 1126 1694 et
1196 1631 1521 1696 stultitiae
1595 1629 2141 1714 vituperationem

114 1721 492 1802 relinquere.
592 1716 752 1793 Quis
816 1719 1026 1782 bonus
1081 1739 1211 1782 non
1264 1719 1449 1804 luget
1504 1722 1783 1783 mortem
1838 1717 2141 1804 Treboni,

113 1808 260 1892 quis
312 1828 447 1872 non
499 1806 678 1871 dolet
733 1807 1073 1871 interitum
1129 1805 1283 1871 talis
1340 1811 1408 1871 et
1462 1807 1620 1871 civis
1676 1812 1745 1872 et
1791 1807 1956 1873 viri?
2047 1808 2141 1872 At

110 1901 284 1981 sunt,
334 1896 445 1980 qui
493 1895 712 1961 dicant
757 1893 944 1980 (dure
990 1893 1089 1959 illi
1137 1894 1415 1980 quidem,
1462 1895 1576 1960 sed
1621 1900 1841 1961 tamen
1888 1893 2141 1983 dicunt)

110 1987 326 2049 minus
374 1985 745 2067 dolendum,
802 1984 974 2067 quod
1021 1984 1104 2047 ab
1150 1983 1414 2049 homine
1460 1984 1716 2067 impuro
1763 1984 2141 2068 nefarioque

103 2096 240 2139 non
287 2073 551 2139 caverit.
624 2072 909 2155 Etenim,
955 2072 1068 2155 qui
1113 2073 1473 2137 multorum
1516 2072 1852 2137 custodem
1890 2094 1959 2138 se
1997 2094 2142 2157 pro-

101 2163 394 2244 fiteatur,
432 2183 580 2226 eum
617 2160 942 2244 sapientes
981 2159 1082 2223 sui
1119 2160 1407 2243 primum
1444 2161 1676 2243 capitis
1714 2160 1900 2225 aiunt
1932 2165 2143 2226 custo·

103 2251 256 2314 dem
296 2270 438 2314 esse
476 2252 795 2333 oportere.
852 2246 1018 2314 Cum
1055 2252 1322 2332 saeptus
1362 2248 1453 2314 sis
1489 2249 1747 2334 legibus
1782 2254 1849 2313 et
1876 2249 2143 2316 iudicio·

103 2359 257 2401 rum
303 2340 510 2419 metu,
554 2357 686 2401 non
733 2340 887 2401 sunt
932 2336 1151 2401 omnia
1197 2337 1487 2401 timenda
1531 2358 1740 2420 neque
1789 2338 1869 2402 ad
1917 2359 2142 2403 omnes

105 2424 382 2490 insidias
436 2424 758 2507 praesidia
806 2424 1189 2507 quaerenda.
1283 2424 1444 2502 Quis
1490 2426 1662 2489 enim
1711 2427 1948 2492 audeat
1992 2427 2142 2511 luci,

107 2512 255 2597 quis
314 2512 384 2576 in
430 2511 701 2576 militari
746 2512 878 2595 via,
933 2513 1079 2595 quis
1125 2514 1291 2580 bene
1339 2513 1749 2598 comitatum,
1805 2516 1951 2597 quis
1997 2515 2141 2579 illu-

109 2607 313 2667 strem
354 2599 667 2685 aggredi?
731 2598 912 2664 Haec
948 2622 1155 2684 neque
1192 2601 1318 2665 hoc
1354 2605 1648 2685 tempore
1685 2624 1893 2685 neque
1929 2602 2002 2666 in
2038 2624 2140 2665 me
2160 2614 2230 2664 26

111 2690 346 2754 valent.
425 2685 579 2752 Non
624 2688 817 2752 modo
865 2688 1038 2752 enim
1084 2709 1360 2772 poenam
1405 2711 1539 2754 non
1584 2690 1981 2773 extimescet,
2030 2689 2141 2773 qui

113 2777 269 2841 mihi
310 2776 444 2841 vim
483 2776 797 2859 attulerit,
844 2775 956 2839 sed
993 2776 1192 2840 etiam
1229 2778 1507 2862 gloriam
1544 2777 1835 2861 sperabit
1871 2799 1909 2841 a
1945 2777 2141 2841 latro-

115 2865 1228 3038 ιωΗὲἕξῗὲἓείηθιξιξὲαὲιῗζῖἆοος
1255 2952 1468 3018 facilis
1497 2957 1599 3017 est
1617 2952 2142 3037 circumspectus,
2168 2955 2242 3021 11

119 3042 273 3106 mde
323 3063 577 3123 exeam,
624 3062 750 3125 quo
798 3040 1206 3126 progrediar,
1254 3041 1409 3125 quid
1458 3041 1539 3105 ad
1585 3042 1937 3125 dexteram,
1984 3042 2141 3125 quid

121 3131 183 3195 id
231 3130 575 3195 sinistram
621 3129 726 3193 sit.
818 3126 996 3193 Num
1033 3129 1204 3194 idem
1240 3129 1312 3194 in
1348 3129 1723 3213 Appennini
1761 3130 2141 3195 tramitibus

123 3221 316 3284 'acere
376 3217 652 3303 potero?
711 3217 780 3280 in
836 3217 1072 3301 quibus
1127 3217 1389 3283 etiamsi
1433 3239 1568 3281 non
1614 3221 1805 3282 erunt
1850 3218 2142 3302 insidiae,

125 3329 269 3392 [uae
317 3305 631 3372 facillime
679 3326 821 3370 esse
865 3309 1195 3390 poterunt,
1242 3306 1497 3370 animus
1545 3310 1769 3370 tamen
1804 3305 1931 3371 erit
1966 3306 2144 3372 solli-

130 3396 302 3479 itus,
360 3399 438 3459 ut
491 3393 656 3459 nihil
711 3394 927 3478 possit
980 3394 1058 3458 de
1106 3394 1343 3460 officiis
1389 3394 1739 3479 legationis
1788 3395 2141 3465 attendere.

129 3484 228 3549 'ed
298 3483 502 3570 effugi
557 3482 853 3566 insidias,
916 3482 1182 3567 perrupi
1237 3482 1724 3568 Appenninum,
1786 3505 2018 3569 nempe
2074 3484 2143 3547 in

131 3573 356 3639 mtoni
441 3590 864 3657 congressum
946 3570 1472 3655 colloquiumque
1556 3573 1940 3637 veniendum
2023 3576 2143 3637 est.

1706 3676 1818 3730 84¹⁸
