2550 3875
383 168 518 233 236
914 164 1062 220 PRO
1101 163 1215 220 GN.
1251 162 1566 219 PLANCIO
1607 161 1897 218 ORATIO.

383 334 530 394 tum
569 328 881 412 sanxisse,
917 330 995 392 ut
1031 326 1540 391 miserabiliores
1570 323 1867 410 epilogos
1894 345 2160 408 possem
2188 323 2424 388 dicere.

384 415 616 481 Nonne
677 415 866 480 vobis
928 414 1190 479 videtur
1253 436 1403 479 cum
1466 413 1688 498 aliquo
1759 412 2226 497 declamatore,
2287 435 2425 478 non
2546 459 2548 466 ·

293 519 365 567 84
387 526 536 569 cum
572 503 821 569 laboris
860 506 929 567 et
962 501 1092 566 fori
1129 501 1450 586 discipulo
1489 501 1867 586 disputare?
1932 500 2174 565 Rhodi
2202 500 2425 582 enim',

383 592 619 676 inquit,
667 591 812 692 ego
848 611 982 655 non
1017 588 1138 654 fui'
1184 589 1318 677 (me
1354 589 1499 654 vult
1532 587 1787 674 fuisse),
1832 587 1970 653 ‘sed
2005 587 2126 652 fui’
2127 588 2425 673 ,inquit,

385 677 784 765 (putabam
765 702 836 743 m
872 677 1186 743 Vaccaeis
1225 675 1583 762 dicturum)
1631 677 1813 742 ‘bis
1792 699 1864 741 in
1898 676 2260 761 Bithynia?
2350 675 2417 742 Si
2472 695 2495 734 ⁵

382 768 567 833 locus
604 767 810 832 habet
845 766 1368 852 reprehensionis
1406 786 1635 830 ansam
1671 765 1979 850 aliquam,
2019 765 2265 848 nescio,
2308 786 2424 830 cur
2548 823 2550 828 .

384 856 780 922 severiorem
807 853 1123 920 Nicaeam
1157 859 1350 940 putes
1385 876 1583 939 quam
1606 853 1942 938 Rhodum3
1978 852 2036 918 si
2064 854 2426 938 spectanda
2548 873 2550 888 ·

383 965 584 1009 causa
637 947 765 1027 est,
830 947 897 1008 et
953 946 1029 1008 tu
1082 943 1155 1007 in
1205 942 1524 1043 Bithynia
1579 964 1836 1006 summa
1890 963 2039 1007 cum
2093 941 2423 1027 dignitate

383 1032 574 1097 fuisti
629 1035 697 1097 et
750 1052 874 1117 ego
931 1030 1149 1096 Rhodi
1201 1052 1339 1095 non
1392 1030 1659 1095 minore.
1755 1028 1931 1094 Nam
1987 1029 2162 1113 quod
2214 1028 2287 1094 in
2346 1051 2423 1094 eo

384 1142 489 1186 me
553 1119 1060 1205 reprehendisti,
1125 1119 1301 1202 quod
1352 1117 1632 1183 nimium
1686 1117 1933 1183 multos
1989 1117 2423 1201 defenderem,
2452 1143 2499 1181 ιο

383 1209 642 1273 utinam
670 1212 740 1273 et
765 1212 860 1292 tu,
898 1207 1012 1291 qui
1038 1210 1250 1292 poteS,
1288 1210 1358 1271 et
1384 1207 1603 1290 ceteri,
1640 1207 1756 1290 qui
1782 1205 2144 1291 defugiunt,
2174 1205 2427 1271 vellent

384 1318 490 1362 me
535 1297 763 1362 labore
807 1295 935 1360 hoc
979 1295 1223 1359 levare!
1318 1293 1447 1359 Sed
1490 1295 1570 1359 fit
1615 1298 1837 1359 vestra
1880 1294 2251 1380 diligentia,
2308 1294 2427 1378 qui

387 1385 601 1450 causis
656 1383 1093 1468 ponderandis
1150 1383 1364 1448 omnis
1417 1382 1553 1447 fere
1608 1382 1995 1468 repudiatis,
2048 1385 2124 1447 ut
2170 1382 2254 1446 ad
2294 1403 2425 1446 nos

385 1473 736 1556 pleraeque
775 1471 1125 1554 confluant,
1165 1472 1278 1554 qui
1314 1471 1571 1536 miseris
1600 1474 1669 1536 et
1694 1470 2151 1535 laborantibus
2174 1491 2425 1556 negare

296 1576 367 1626 85
385 1561 556 1624 nihil
619 1581 988 1644 possumus
1088 1558 1513 1623 Admonuisti
1576 1558 1804 1643 etiam,
1869 1558 2043 1643 quod
2096 1559 2167 1623 in
2222 1556 2425 1624 Creta
2452 1583 2497 1622 15

386 1647 644 1731 fuisses,
672 1647 922 1712 dictum
951 1647 1217 1731 aliquod
1243 1647 1316 1712 in
1333 1647 1724 1732 petitionem
1741 1651 1926 1712 tuam
1944 1644 2074 1711 dici
2090 1646 2395 1731 potuisse
2412 1672 2429 1731 3

387 1757 493 1801 me
546 1735 615 1799 id
667 1735 1046 1819 perdidisse.
1137 1733 1308 1800 Uter
1358 1735 1568 1820 igitur
1618 1739 1921 1800 nostrum
1975 1738 2080 1799 est
2124 1733 2428 1819 cupidior

388 1823 594 1888 dicti?
651 1844 885 1909 egone,
936 1823 1076 1907 qui,
1123 1823 1299 1907 quod
1343 1823 1472 1888 dici
1515 1824 1763 1908 potuit,
1806 1845 1943 1888 non
1986 1822 2292 1907 dixerim,
2340 1845 2427 1887 an

388 1917 492 1996 tu,
549 1911 662 1997 qui
707 1911 909 1977 etiam
962 1911 1104 1997 ipse
1157 1912 1229 1976 in
1279 1914 1347 1977 te
1394 1911 1678 1977 dixeris?
1757 1911 1851 1977 Τ6
1897 1910 2116 1977 aiebas
2164 1911 2242 1977 de
2288 1911 2425 1976 tuis

387 2001 583 2066 rebus
614 2000 820 2087 gestis
838 2000 1055 2064 nullas
1067 2000 1329 2065 litteras
1348 2000 1625 2084 misisse,
1655 2001 1829 2084 quod
1845 1999 2011 2064 mihi
2028 2021 2230 2083 meae,
2258 2020 2425 2084 quas
2452 2029 2500 2066 20

389 2090 473 2155 ad
491 2090 778 2172 aliquem
796 2089 1138 2174 misissem,
1167 2087 1550 2153 obfuissent.
1598 2087 1774 2165 Quas
1803 2109 1927 2174 ego
1946 2087 2111 2152 mihi
2130 2087 2425 2153 obfuisse

388 2199 523 2243 non
574 2175 920 2262 intellego,
978 2177 1075 2241 rei
1135 2177 1437 2261 publicae
1500 2177 1687 2242 video
1741 2176 2051 2261 prodesse
2106 2176 2426 2261 potuisse.

279 2246 370 2311 35
528 2263 656 2329 Sed
686 2269 840 2329 sunt
866 2264 1029 2330 haec
1054 2264 1323 2350 leviora,
1358 2265 1475 2329 illa
1500 2287 1655 2330 vero
1685 2264 1911 2351 gravia
1938 2268 2135 2349 atque
2163 2285 2426 2350 magna,

299 2336 370 2387 86
390 2353 565 2437 quod
602 2374 820 2417 meum
849 2352 1224 2437 discessum,
1262 2374 1456 2438 quem
1484 2374 1675 2438 saepe
1703 2353 1995 2435 defleras,
2028 2374 2205 2417 nunc
2232 2353 2425 2437 quasi

388 2441 859 2525 reprehendere
928 2444 997 2505 et
1062 2441 1493 2506 subaccusare
1556 2441 1847 2507 voluisti.
1942 2440 2193 2505 Dixisti
2247 2441 2425 2506 enim
2452 2468 2499 2508 25

386 2551 524 2595 non
560 2529 877 2594 auxilium
914 2529 1095 2613 mihi,
1133 2530 1247 2594 sed
1285 2552 1389 2595 me
1427 2529 1670 2594 auxilio
1708 2528 2007 2595 defuisse.
2078 2528 2228 2614 Ego
2265 2551 2425 2594 vero

388 2616 604 2682 fateor
657 2638 790 2702 1116,
845 2617 1020 2701 quod
1071 2616 1349 2681 viderim
1402 2617 1567 2681 mihi
1622 2618 1937 2682 auxilium
1990 2638 2127 2682 non
2180 2617 2429 2702 deesse,

388 2706 634 2771 idcirco
689 2727 793 2770 me
847 2705 948 2770 illi
1003 2705 1247 2770 auxilio
1302 2705 1690 2806 pepercisse.
1783 2705 1911 2781 Qui
1964 2705 2140 2770 enim
2186 2709 2429 2790 statue,

330 2808 334 2811 ’
391 2794 568 2879 quod
621 2793 997 2876 discrimen,
1053 2815 1217 2878 quae
1272 2792 1473 2859 fuerit
1517 2794 1588 2858 in
1632 2815 1703 2858 re
1748 2792 2013 2878 publica
2059 2796 2425 2877 tempestas

386 2884 524 2967 illa,
571 2882 718 2966 quis
755 2881 1009 2947 nescit?
1089 2881 1507 2946 Tribunicius
1546 2903 1650 2946 me
1687 2884 1900 2945 terror
1937 2903 2022 2945 an
2057 2881 2425 2946 consularis
2451 2909 2500 2948 ao

385 2972 574 3036 furor
616 2969 869 3034 movit?
951 2968 1304 3035 Decertare
1343 2969 1508 3034 mihi
1542 2969 1717 3034 ferro
1756 2988 2070 3055 magnum
2106 2967 2239 3033 fuit
2275 2991 2428 3035 eum

387 3058 686 3143 reliquiis
725 3079 969 3142 eorum,
1015 3079 1181 3141 quos
1219 3078 1344 3143 ego
1379 3057 1676 3122 florentis
1714 3062 1911 3141 atque
1946 3058 2247 3142 integros
2284 3058 2427 3123 sine

389 3146 565 3211 ferro
630 3146 961 3210 viceram?
1053 3143 1371 3212 Consules
1437 3149 1593 3229 post
1644 3146 1986 3210 hominum
2037 3144 2429 3211 memoriam

389 3234 756 3299 taeterrimi
802 3238 1000 3317 atque
1046 3233 1443 3318 turpissimi,
1498 3234 1671 3299 sicut
1716 3237 1784 3299 et
1828 3234 1945 3298 illa
1987 3233 2315 3318 principia
2360 3240 2429 3299 et

387 3322 461 3386 hi
524 3324 819 3386 recentes
875 3342 1094 3385 rerum
1149 3320 1365 3386 exitus
1420 3320 1859 3404 declararunt,
1923 3342 2202 3406 quorum
2256 3321 2428 3387 alter
2452 3346 2500 3388 ³5

391 3408 750 3473 exercitum
794 3408 1107 3491 perdidit,·
1142 3406 1313 3472 alter
1352 3408 1662 3493 vendidit,
1707 3409 1947 3493 emptis
1983 3408 2341 3493 provinciis
2388 3433 2428 3474 a

390 3498 644 3577 senatu,
688 3516 730 3558 a
773 3515 844 3558 re
889 3494 1172 3578 publica,
1218 3517 1259 3559 a
1297 3495 1489 3560 bonis
1529 3496 1831 3562 omnibus
1869 3495 2265 3583 defecerant3
2312 3499 2426 3580 qui
