2550 3875
914 167 1070 223 CAP.
1110 174 1248 224 4—-6
1289 173 1318 233 5
1356 174 1548 224 9—15.
2128 167 2255 232 139

210 329 445 414 populi
490 328 773 395 Romani
829 329 1149 395 excellens
1205 328 1523 414 dignitas!
1583 351 1622 394 o
1669 327 1786 396 On.
1832 328 2109 413 Pompei
2159 329 2256 394 sic

212 419 351 484 late
396 418 720 503 longeque
768 416 1003 484 diffusa
1046 416 1209 501 laus,
1253 421 1332 481 ut
1377 417 1517 482 eius
1560 418 1810 503 gloriae
1847 417 2256 485 domicilium

216 506 583 574 communis
666 505 927 589 imperii
1005 505 1249 570 finibus
1321 505 1737 572 terminetur!
1824 527 1864 570 o
1931 505 2253 589 nationes,

215 595 442 678 urbes,
505 594 760 679 populi,
824 613 1039 679 reges,
1100 593 1498 677 tetrarchae,
1551 593 1820 677 tyranni
1872 597 2079 660 testes
2134 591 2251 660 Gn„

162 701 190 742 5
216 682 494 766 Pompei
545 703 681 748 non
733 681 949 748 solum
999 680 1269 746 virtutis
1322 681 1394 746 in
1443 681 1618 746 bello
1629 732 1646 765 ,
1702 681 1814 748 sed
1861 681 2062 747 etiam
2106 681 2253 746 reli-

215 770 813 924 {3⁰33fass2m1'205i
836 769 1936 924 Ki'i'issssffle'vomussssfiffgissffssz
1972 769 2252 925 {3333}

216 948 445 1048 litora!
548 946 729 1023 Quae
785 951 889 1012 est
944 946 1120 1047 enim
1175 909 1317 1030 oia,
1383 909 1566 1047 quae·
1604 880 1816 1048 sedles,
1881 909 1994 1029 qui
2049 909 2252 1029 locus:

140 1145 193 1185 ω
216 1057 672 1207 ΐηὲἓὲὴὲἕὲ,
704 1032 2250 1206 zffinssnfflffiissffffissza¹²30&ssssss

216 1211 414 1278 Hunc
442 1212 789 1296 quisquam
814 1210 1181 1277 incredibili
1211 1211 1489 1294 quadam
1514 1213 1712 1296 atque
1729 1209 2024 1276 inaudita
2041 1210 2254 1295 gravi-

216 1304 388 1385 tate,
443 1301 718 1385 virtute,
774 1298 1146 1365 constantia
1195 1299 1570 1382 praeditum
1623 1297 1889 1364 foedera
1936 1297 2252 1364 scientem

212 1389 613 1475 neglexisse,
667 1387 976 1473 violasse,
1026 1385 1281 1471 rupisse
1325 1387 1538 1452 dicere
1586 1386 1898 1453 audebit?
1991 1384 2251 1454 Gratifi-
2271 1359 2314 1424 6

218 1482 409 1543 catur
453 1476 618 1542 mihi
654 1480 849 1563 gestu
886 1479 1245 1560 accusator,
1289 1474 1677 1540 inscientem
1713 1473 1828 1541 Gn„
1864 1473 2253 1559 Pompeium
2275 1450 2342 1498 14

138 1586 191 1627 us
217 1565 453 1632 fecisse
483 1565 832 1651 signifieat.
898 1563 1099 1640 Quasi
1127 1584 1282 1627 vero
1301 1584 1428 1628 non
1444 1563 1653 1628 levius
1674 1563 1781 1647 sit,
1810 1585 1960 1629 cum
1976 1563 2047 1628 in
2065 1566 2254 1630 tanta

218 1677 291 1720 re
336 1653 603 1738 publica
647 1673 903 1718 versere
948 1656 1019 1717 et
1062 1651 1367 1718 maximis
1398 1651 1687 1737 negotiis
1724 1651 1992 1735 praesis,
2036 1649 2250 1728 facere

218 1742 489 1827 aliquid,
526 1741 701 1826 quod
738 1741 907 1808 scias
942 1761 1078 1806 non
1112 1739 1327 1825 licere,
1366 1761 1562 1824 quam
1599 1739 1864 1806 omnino
1901 1761 2037 1806 non
2067 1739 2252 1823 scire,

220 1831 379 1916 quid
431 1831 646 1896 liceat.
736 1828 1007 1894 Etenim
1058 1831 1311 1912 utrum,
1365 1829 1474 1909 Qui
1521 1829 1594 1892 in
1637 1825 1960 1911 Hispania
2004 1828 2254 1895 bellum

220 1919 612 1987 acerrimum
665 1922 734 1984 et
782 1917 1139 1983 maximum
1175 1920 1507 2003 gesserat,
1562 1938 1692 2001 quo
1737 1915 1878 1981 iure
1927 1913 2254 1984 Gaditana

138 2030 193 2071 ιο
223 2009 455 2074 civitas
494 2010 686 2092 esset,
720 2006 1057 2073 nesciebat
1095 2028 1195 2089 an,
1234 2027 1383 2071 cum
1415 2005 1518 2071 ius
1545 2004 1725 2071 illius
1751 2005 1980 2089 populi
2005 2009 2252 2089 nosset,

218 2096 835 2181 interpretationem
868 2094 1149 2160 foederis
1182 2115 1318 2158 non
1354 2093 1666 2159 tenebat?
1738 2091 1816 2159 Id
1846 2092 2054 2179 igitur
2082 2092 2255 2177 quis-

222 2207 422 2270 quam
467 2183 582 2250 On.
629 2182 1017 2267 Pompeium
1069 2182 1409 2267 ignorasse
1465 2181 1678 2246 dicere
1729 2181 2022 2265 audebit,
2079 2182 2254 2265 quod

218 2273 581 2339 mediocres
616 2271 935 2354 homines,
980 2270 1155 2355 quod
1188 2270 1373 2335 nullo
1409 2290 1552 2353 usu,
1593 2268 1778 2337 nullo
1816 2269 2035 2335 studio
2073 2291 2254 2353 prae-

220 2362 348 2427 diti
364 2360 658 2443 militari,
679 2360 855 2444 quod
871 2357 1195 2425 librarioli
1209 2357 1487 2442 denique
1505 2378 1569 2423 se
1586 2357 1753 2424 scire
1771 2357 2252 2442 profiteantur?

139 2473 193 2513 25
220 2449 548 2535 Equidem
586 2452 815 2513 contra
851 2447 1174 2531 existimo,
1209 2445 1475 2529 iudices,
1512 2467 1660 2513 cum
1695 2446 1768 2511 in
1803 2444 1983 2511 omni
2015 2466 2252 2532 genere
2277 2457 2344 2507 15

222 2561 301 2605 ae
346 2538 668 2602 varietate
713 2535 974 2618 artium,
1020 2535 1220 2599 etiam
1265 2534 1550 2617 illarum,
1595 2554 1761 2617 quae
1807 2534 1947 2599 sine
1994 2543 2252 2601 summo

222 2627 362 2693 otio
434 2646 571 2691 non
640 2624 832 2690 facile
906 2624 1274 2706 discuntur,
1356 2620 1470 2688 Cn.
1534 2620 1885 2706 Pompeius
1959 2623 2255 2707 excellat,

222 2714 627 2801 singularem
689 2712 1016 2797 quandam
1079 2711 1339 2777 laudem
1398 2710 1536 2777 eius
1591 2709 2057 2793 praestabilem
2112 2732 2255 2777 esse

222 2803 569 2871 scientiam
639 2800 709 2867 in
776 2800 1174 2883 foederibus,
1244 2798 1689 2883 pactionibus,
1761 2798 2254 2865 condicionibus

138 2914 195 2954 ao
221 2892 645 2977 populorum,
700 2910 956 2976 regum,
1007 2892 1377 2953 exterarum
1420 2886 1791 2971 nationum,
1835 2886 1908 2951 in
1951 2886 2253 2951 universo

220 2980 501 3064 denique
548 2977 707 3043 belli
750 2977 892 3043 iure
931 2980 1127 3061 atque
1163 2975 1374 3060 pacis3
1417 2975 1548 3041 nisi
1580 2975 1754 3041 forte
1793 2995 1886 3057 ea,
1933 2994 2098 3057 quae
2133 2994 2256 3039 nos

220 3068 379 3133 libri
434 3067 672 3133 docent
724 3065 797 3131 in
838 3065 1073 3131 umbra
1118 3068 1318 3148 atque
1363 3064 1530 3148 otio,
1586 3084 1664 3127 ea
1709 3061 1824 3127 Cn.
1871 3060 2259 3144 Pompeium

218 3155 462 3241 neque,
536 3176 687 3221 cum
748 3154 1211 3238 requiesceret,
1274 3152 1537 3219 litterae
1598 3171 1840 3235 neque,
1905 3170 2054 3215 cum
2117 3171 2258 3217 rem

220 3247 509 3330 gereret,
555 3242 857 3329 regiones
899 3242 1084 3326 ipsae
1131 3240 1362 3305 docere
1407 3241 1782 3324 potuerunt.
1959 3250 1964 3254 ·

140 3354 193 3397 ⁸5
354 3331 605 3416 Atque,
670 3334 747 3396 ut
809 3350 933 3416 ego
999 3328 1239 3412 sentio,
1302 3328 1578 3411 iudiceS,
1643 3346 1842 3393 causa
1902 3324 2083 3391 dicta
2138 3327 2258 3393 est.

218 3420 619 3504 Temporum
664 3418 875 3505 magis
922 3438 1045 3502 ego
1091 3437 1265 3481 nunc
1306 3415 1488 3481 vitiis
1526 3436 1722 3499 quam
1759 3433 1998 3498 genere
2034 3411 2259 3477 iudicii

216 3509 411 3593 plura
458 3507 687 3571 dicam.
779 3505 906 3571 Est
952 3504 1126 3569 enim
1164 3503 1326 3569 haec
1365 3502 1609 3568 saeculi
1647 3500 1965 3584 quaedam
2003 3499 2262 3564 macula
