2550 3875
371 174 499 238 192
944 174 1022 227 IN
1060 173 1121 229 L.
1157 172 1480 228 PISONEM
1517 121 1807 228 oRATIO.

369 337 565 418 atque
612 335 822 399 amori
868 356 1123 417 semper
1168 334 1421 418 dilexit,
1466 356 1722 418 semper
1765 357 1886 400 sua
1931 333 2386 400 coniunctione

368 422 826 508 dignissimum
870 423 1206 506 iudicavit,
1256 443 1512 506 semper
1555 445 1692 488 non
1735 423 1929 488 modo
1975 422 2388 503 incolumem,

370 510 483 574 sed
555 511 754 576 etiam
823 510 1300 594 amplissimum
1363 514 1560 594 atque
1626 511 2116 576 ornatissimum
2179 509 2390 574 voluit

369 619 529 664 esse.
602 599 877 663 Vestrae
922 598 1209 683 fraudes,
1254 602 1546 663 vestrum
1593 599 1831 683 scelus,
1875 602 2130 663 vestrae
2176 597 2388 662 crimi-

367 685 668 750 nationes
706 686 1089 751 insidiarum
1124 709 1434 771 mearum,
1470 687 1646 752 illius
1675 687 2108 771 periculorum
2139 685 2387 750 nefarie
2439 711 2472 752 5

366 775 579 858 fictae,
626 774 820 838 simul
867 796 1107 858 eorum,
1154 775 1269 858 qui
1309 774 1780 840 familiaritatis
1818 775 2086 840 licentia
2121 795 2390 839 suorum

368 861 1006 946 improbissimorum
1033 883 1408 928 sermonum
1435 863 1837 928 domicilium
1861 863 1934 928 in
1961 862 2227 927 auribus
2249 862 2390 926 eius

368 950 656 1032 impulsu
691 955 912 1016 vestro
950 950 1353 1016 collocarant
1391 953 1671 1032 [vestrae
1708 951 2100 1036 cupiditates
2131 949 2390 1034 provin-

370 1039 617 1103 ciarum
671 1038 1073 1121 effeceruntJ,
1120 1043 1198 1103 ut
1243 1060 1366 1124 ego
1414 1039 1786 1105 excluderer
1841 1060 2219 1122 omnesque,
2276 1037 2392 1121 qui

368 1148 491 1210 me,
538 1126 650 1210 qui
694 1127 873 1191 illius
915 1127 1220 1212 gloriam,
1266 1127 1379 1211 qui
1415 1149 1554 1191 rem
1590 1128 1922 1212 publicam
1959 1127 2207 1191 salvam
2245 1147 2389 1190 esse
2419 1154 2473 1192 ιο

280 1218 347 1268 '1⁷
371 1215 739 1300 cupiebant,
784 1236 1079 1280 sermone
1122 1218 1318 1298 atque
1358 1215 1538 1280 aditu
1572 1216 2104 1300 prohiberentur3
2151 1214 2390 1298 quibus

368 1303 562 1367 rebus
620 1306 722 1367 est
774 1302 1161 1387 perfectum,
1214 1307 1291 1367 ut
1351 1303 1452 1367 illi
1504 1304 1696 1387 plane
1751 1325 1869 1368 suo
1925 1313 2096 1368 stare
2147 1301 2391 1367 iudicio

368 1412 503 1455 non
556 1390 811 1474 liceret,
868 1412 1016 1454 cum
1072 1391 1235 1456 certi
1288 1391 1584 1456 homines
1638 1414 1772 1457 non
1824 1392 2114 1456 studium
2165 1390 2304 1454 eius
2353 1411 2394 1454 a

236 1472 350 1540 (⁷⁷)
372 1501 474 1543 me
522 1478 933 1561 alienassent,
980 1478 1093 1543 sed
1138 1478 1452 1543 auxilium
1498 1479 1955 1545 retardassent.
2034 1478 2270 1543 Nonne
2309 1478 2393 1541 ad

370 1571 436 1630 te
482 1564 556 1631 L.
600 1566 939 1650 LentuluS,
986 1566 1098 1651 qui
1144 1571 1288 1632 tum
1334 1570 1476 1631 erat
1518 1572 1800 1652 praetor,
1847 1589 1982 1632 non
2029 1567 2103 1644 Q.
2151 1564 2392 1651 Sanga,
2422 1594 2475 1634 15

367 1675 501 1718 non
544 1653 618 1718 L.
663 1653 1035 1737 Torquatus
1080 1658 1286 1738 pater,
1329 1677 1464 1720 non
1508 1655 1596 1719 M.
1641 1655 1952 1720 Lucullus
1997 1654 2223 1720 venit?
2277 1654 2392 1737 qui

371 1763 595 1806 omnes
642 1742 723 1805 ad
766 1763 914 1806 eum
950 1742 1269 1826 multique
1308 1745 1619 1808 mortales
1658 1747 1916 1808 oratum
1951 1743 2022 1807 in
2058 1742 2394 1806 Albanum

372 1830 909 1913 obsecratumque
947 1835 1276 1915 venerant,
1314 1835 1390 1894 ut
1424 1853 1506 1896 ne
1535 1853 1712 1896 meas
1737 1831 2036 1896 fortunas
2065 1830 2394 1895 desereret

371 1940 520 1983 eum
574 1918 671 1983 rei
719 1918 1018 2002 publicae
1064 1919 1276 1984 salute
1324 1919 1721 1990 coniunctas.
1815 1919 1992 1997 Quos
2038 1918 2149 1983 ille
2195 1919 2277 1984 ad
2322 1922 2392 1983 te

371 2011 439 2071 et
502 2007 584 2071 ad
646 2010 835 2071 tuum
890 2007 1212 2093 collegam
1265 2008 1546 2092 remisit,
1608 2013 1686 2073 ut
1740 2029 2002 2073 causam
2055 2007 2391 2090 publicam
2420 2037 2476 2076 20

370 2094 839 2179 susciperetisss
873 2099 951 2159 ut
978 2096 1058 2160 ad
1088 2100 1388 2161 senatum
1415 2096 1800 2180 referretis];
1829 2118 1898 2161 se
1928 2100 2156 2161 contra
2185 2117 2394 2160 arma-

371 2186 515 2247 tum
553 2183 891 2247 tribunum
925 2183 1014 2267 pl.
1054 2184 1192 2248 sine
1228 2184 1493 2268 publico
1523 2184 1797 2249 consilio
1832 2184 2160 2249 decertare
2187 2183 2395 2268 nolle3

373 2271 749 2335 consulibus
806 2294 886 2336 ex
936 2276 1201 2337 senatus
1258 2272 1558 2337 consulto
1615 2294 1755 2338 rem
1799 2272 2132 2356 publicam
2178 2272 2395 2337 defen-

285 2370 353 2419 ’18
374 2359 677 2425 dentibus
726 2381 794 2424 se
843 2381 1025 2424 arma
1069 2364 1501 2444 sumpturum.
1573 2359 1849 2445 Ecquid,
1893 2360 2138 2444 infelix,
2184 2381 2394 2425 recor-

373 2446 574 2530 daris,
638 2448 794 2532 quid
848 2448 1304 2532 responderis?
1366 2448 1438 2512 in
1493 2470 1620 2533 quo
1675 2448 1777 2512 illi
1833 2470 2055 2514 omnes
2113 2448 2394 2531 quidem,
2422 2474 2479 2515 25

374 2535 488 2600 sed
550 2535 923 2620 Torquatus
994 2540 1256 2620 praeter
1330 2539 1581 2601 ceteros
1653 2536 1914 2602 furebat
1983 2536 2396 2602 contumacia

373 2624 669 2706 responsi
705 2624 833 2687 tui:
881 2624 971 2689 ‘te
1007 2645 1141 2688 non
1177 2645 1319 2688 esse
1356 2628 1496 2687 tam
1531 2623 1796 2709 fortem,
1829 2646 2026 2709 quam
2061 2625 2202 2709 ipse
2239 2623 2398 2689 Tor-

374 2716 611 2795 quatus
667 2712 738 2777 in
792 2712 1138 2777 consulatu
1181 2711 1418 2777 fuisset
1464 2716 1581 2776 aut
1627 2734 1778 2798 eg03
1829 2712 1997 2777 nihil
2043 2734 2207 2797 opus
2254 2734 2396 2777 esse

374 2800 593 2883 armis,
619 2799 785 2864 nihil
815 2800 1259 2885 contentione3
1287 2822 1391 2865 me
1417 2821 1612 2885 posse
1639 2822 1779 2865 rem
1805 2800 2137 2885 publicam
2155 2801 2397 2865 iterum

374 2909 650 2972 servare,
698 2887 756 2951 si
803 2888 1172 2972 cessissem3
1222 2888 1547 2953 infinitam
1597 2890 1859 2953 caedem
1903 2888 2061 2973 fore,
2107 2888 2166 2953 si
2210 2889 2397 2952 resti·
2423 2916 2481 2955 ao

373 2976 621 3041 tissem.
685 2974 936 3040 Deinde
973 2976 1056 3040 ad
1094 2980 1458 3042 extremum
1492 2998 1701 3062 neque
1740 2998 1809 3041 se
1845 2998 2055 3060 neque
2085 2998 2398 3061 generum

371 3085 581 3147 neque
630 3063 953 3149 collegam
999 3086 1191 3130 suum
1228 3065 1495 3129 tribuno
1537 3065 1625 3149 pl.
1663 3063 2079 3129 defuturum?
2155 3064 2285 3130 Hic
2323 3070 2399 3129 tu

373 3151 586 3215 hostis
658 3172 733 3215 ac
794 3151 1095 3235 proditor
1168 3152 1316 3217 aliis
1373 3174 1478 3217 me
1531 3152 1964 3218 inimiciorem
2019 3175 2216 3238 quam
2271 3153 2399 3218 tibi

232 3211 354 3277 -32
375 3239 609 3303 debere
664 3260 805 3304 esse
862 3240 1068 3305 dicis?
1159 3239 1308 3323 Ego
1356 3238 1427 3305 O.
1473 3238 1821 3306 Caesarem
1869 3261 2003 3306 non
2048 3242 2274 3306 eadem
2319 3241 2397 3305 de

287 3300 354 3349 ⁷⁹
374 3347 445 3391 re
498 3326 763 3410 publica
819 3328 1099 3392 sensisse
1156 3349 1321 3410 quae
1377 3349 1480 3391 me
1537 3328 1700 3414 sci03
1756 3330 1870 3393 sed
1923 3333 2169 3413 tamen,
2225 3324 2398 3414 quo‘d
2427 3355 2478 3397 35

374 3413 507 3477 iam
573 3413 650 3477 de
716 3436 791 3479 eo
855 3414 961 3480 his
1028 3414 1442 3480 audientibus
1499 3436 1691 3500 saepe
1746 3417 1908 3501 dixi,
1971 3439 2076 3482 me
2130 3418 2241 3481 ille
2296 3417 2400 3482 sui

374 3500 581 3565 totius
631 3502 1007 3567 consulatus
1056 3524 1409 3586 eorumque
1454 3503 1797 3589 honorum,
1849 3526 2014 3588 quos
2059 3527 2210 3573 cum
2250 3528 2402 3589 pro-
