2550 3875
325 145 456 236 388
603 169 681 224 m
716 170 791 224 M.
829 168 1242 228 ANTONIUM,
1263 167 1533 224 oaA'mo
1572 168 1982 223 PHILIPPICA
2020 170 2090 226 11.

324 353 683 416 numquam
727 332 798 397 in
839 331 966 397 hac
1009 333 1172 396 urbe
1217 330 1590 396 mansisses.
1664 330 1759 396 At
1802 353 1957 397 vero
2006 331 2121 399 Cn.
2169 333 2373 398 Pom-

324 421 432 506 pei
487 421 898 485 voluntatem
953 442 992 484 a
1045 442 1150 484 me
1203 419 1535 484 alienabat
1578 419 1791 485 oratio
1838 441 2003 486 mea.
2092 421 2202 486 An
2247 422 2369 486 ille

325 508 920 661 gssassssxffissdflz
957 508 1262 680 333ss}
1291 507 1808 678 “3503231012‘3
1845 514 2369 682 {5522}ssss

325 685 403 749 de
461 706 718 749 summa
768 707 840 750 re
898 684 1162 768 publica
1207 683 1658 748 dissentientis
1700 683 1773 748 in
1818 684 2044 749 eadem
2091 706 2363 750 consue-
2423 703 2453 742 ⁶

323 772 548 838 tudine
596 773 922 838 amicitiae
963 793 1360 856 permanere.
1431 771 1599 857 Ego,
1649 772 1807 856 quid
1841 772 1973 856 ille,
2020 778 2088 838 et
2124 778 2367 840 contra

324 860 464 944 ille,
521 861 677 944 quid
733 881 858 947 ego
915 860 1225 926 sentirem
1271 863 1342 924 et
1386 863 1779 944 spectarem,
1833 860 2117 926 videbat.
2206 862 2364 948 Ego

325 949 766 1014 incolumitati
857 949 1097 1014 civium
1177 948 1492 1032 primum,
1572 952 1649 1012 ut
1728 953 1963 1032 postea
2042 950 2365 1035 dignitati

322 1058 692 1121 possemne,
757 1037 869 1102 ille
921 1036 1255 1121 praesenti
1310 1036 1621 1121 dignitati
1675 1037 1897 1119 potius
1954 1039 2362 1104 consulebat.

326 1124 515 1201 Quod
577 1130 799 1190 autem
860 1125 1149 1189 habebat
1211 1128 1516 1209 uterque,
1580 1124 1737 1207 quid
1790 1130 2200 1210 sequeretur,
2264 1126 2362 1192 id-
2393 1145 2449 1185 ιο

237 1235 303 1282 39
325 1213 497 1278 circo
564 1213 974 1279 tolerabilior
1040 1216 1182 1277 erat
1244 1217 1475 1277 nostra
1537 1212 1917 1278 dissensio..
1977 1211 2147 1288 Quid
2200 1236 2361 1280 vero

323 1301 434 1366 ille
501 1302 852 1387 singularis
908 1301 1008 1366 vir
1063 1321 1138 1366 ac
1193 1322 1399 1384 paene
1453 1300 1711 1366 divinus
1766 1300 1845 1365 de
1900 1323 2004 1366 me
2058 1303 2363 1386 senserit,

325 1390 570 1474 sciunt,
617 1390 731 1473 qui
775 1410 924 1454 eum
971 1389 1048 1453 de
1094 1388 1437 1453 Pharsalia
1478 1388 1641 1474 fuga
1684 1387 1984 1473 Paphum
2028 1391 2362 1474 persecuti

325 1483 496 1543 sunt.
567 1476 947 1578 Numquam
993 1477 1074 1541 ab
1121 1498 1198 1541 eo
1247 1477 1493 1541 mentio
1540 1477 1619 1540 de
1666 1499 1769 1541 me
1808 1477 1937 1542 nisi
1974 1477 2358 1564 honorifica,

322 1566 452 1629 nisi
506 1566 701 1650 plena
755 1564 1135 1630 amicissimi
1184 1564 1515 1649 desiderii,
1570 1587 1719 1630 cum
1764 1587 1869 1630 me
1914 1565 2157 1632 vidisse
2203 1568 2356 1652 plus
2387 1585 2439 1626 1⁵

323 1653 660 1737 fateretur,
705 1675 776 1718 se
823 1653 1186 1737 speravisse
1233 1653 1523 1718 meliora.
1596 1651 1689 1717 Et
1734 1653 1873 1718 eius
1919 1653 2045 1718 viri
2087 1656 2356 1722 nomine

325 1762 428 1805 me
489 1742 800 1807 insectari
854 1742 1080 1824 audes,
1147 1741 1331 1806 cuius
1386 1762 1489 1805 me
1536 1741 1844 1826 amicum,
1908 1745 1974 1806 te
2030 1749 2355 1808 sectorem

227 1830 302 1896 16
325 1851 466 1894 esse
529 1829 822 1894 fateare?
925 1827 1053 1894 Sed
1117 1829 1466 1894 omittatur
1526 1829 1774 1895 bellum
1827 1793 2025 1915 illud,
2088 1831 2160 1895 in
2222 1853 2352 1916 quo

315 1922 398 1983 tu
431 1918 708 1983 nimium
744 1918 902 1983 felix
937 1917 1140 1983 fuisti.
1212 1915 1317 1983 Ne
1353 1917 1467 1983 de
1448 1917 1610 1983 locis
1640 1918 1900 2003 quidem
1927 1920 2352 2023 respondebo,

323 2008 560 2091 quibus
615 2030 719 2072 me
773 2008 845 2072 111
898 2006 1134 2071 castris
1188 2028 1382 2071 usum
1432 2013 1574 2071 esse
1620 2007 1861 2071 dixisti.
1952 2007 2167 2074 Erant
2215 2010 2351 2093 qui·
2376 2028 2430 2067 20
2549 2023 2550 2029 ’

322 2096 470 2160 dem
521 2096 639 2159 illa
694 2099 912 2160 castra
965 2095 1160 2179 plena
1214 2115 1434 2179 curae3
1486 2116 1713 2160 verum
1767 2099 1991 2161 tamen
2034 2096 2350 2181 homines,

314 2184 621 2266 quamvis
695 2184 766 2248 in
837 2183 1118 2248 turbidis
1191 2183 1386 2247 rebus
1460 2183 1621 2267 sint,
1702 2187 1951 2267 tamen,
2024 2185 2083 2251 si
2156 2186 2348 2251 modo

233 2291 302 2339 40
322 2270 622 2335 homines
698 2274 877 2355 sunt,
949 2270 1277 2335 interdum
1352 2270 1587 2335 animis
1660 2271 2051 2337 relaxantur.
2163 2273 2349 2350 Quod

134 2357 140 2365 ’
323 2363 544 2422 autem
575 2359 747 2423 idem
776 2360 1178 2423 maestitiam
1207 2380 1422 2423 meam
1449 2358 1884 2443 reprehendit,
1911 2359 2131 2425 idem
2112 2383 2347 2447 locum,

323 2467 562 2531 magno
627 2452 1012 2531 argumento
1077 2450 1182 2511 est
1243 2469 1349 2512 me
1412 2447 1482 2511 in
1535 2450 1815 2531 utroque
1868 2446 2077 2513 fuisse
2132 2451 2422 2517 mode-2⁶

322 2538 557 2599 ratum.
1165 2584 1170 2587 -

213 2621 332 2691 (40)
463 2622 879 2689 Hereditates
955 2623 1119 2688 mihi
1190 2624 1453 2709 negasti
1523 2624 1759 2689 venire.
1877 2623 2152 2690 Utinam
2222 2626 2344 2691 hoo

321 2715 511 2777 tuum
564 2734 789 2777 verum
845 2712 1090 2777 crimen
1143 2714 1345 2777 esset!
1411 2712 1631 2796 plures
1688 2711 1882 2777 amici
1936 2714 2066 2777 mei
2120 2717 2189 2779 et
2239 2736 2344 2779 ne-

322 2800 588 2865 cessarii
625 2800 937 2865 viverent.
1003 2798 1130 2864 Sed
1167 2800 1279 2882 qui
1318 2800 1493 2865 istuc
1529 2800 1656 2864 tibi
1692 2800 1873 2865 venit
1909 2800 1981 2865 111
2017 2802 2342 2867 mentem?
2548 2874 2550 2885 ¹

321 2887 468 2974 Ego
534 2889 708 2953 enim
772 2887 1052 2971 amplius
1117 2888 1494 2953 sestertium
1561 2888 1940 2953 ducentiens
2008 2894 2343 2975 acceptum
2368 2909 2417 2949 so
2549 2910 2550 2960 ὲ

321 2977 796 3041 hereditatibus
834 2975 1077 3039 rettuli.
1145 2975 1557 3059 Quamquam
1592 2977 1663 3041 in
1696 2976 1822 3041 hoc
1859 2997 2096 3062 genere
2133 2978 2343 3045 fateor

321 3062 681 3129 feliciorem
734 3084 876 3128 esse
928 3067 1013 3127 te.
1104 3062 1210 3127 Me
1254 3086 1449 3130 nemo
1494 3064 1624 3130 nisi
1671 3065 1918 3130 amicus
1964 3065 2123 3131 fecit
2168 3067 2342 3132 here-

323 3152 496 3235 dem,
540 3156 617 3216 ut
664 3173 812 3217 cum
857 3151 974 3216 illo
1023 3152 1383 3236 commodo,
1430 3152 1489 3217 si
1534 3152 1708 3237 quod
1753 3158 1913 3237 erat,
1960 3153 2161 3218 animi
2208 3155 2340 3239 qui-

323 3238 473 3303 dam
532 3240 720 3304 dolor
770 3240 1180 3324 iungeretur3
1241 3243 1310 3304 te
1355 3240 1442 3324 is,
1507 3262 1702 3324 quem
1755 3245 1831 3306 tu
1884 3242 2110 3307 vidisti
2162 3265 2339 3309 num-

235 3337 296 3384 41
326 3346 537 3410 quam,
583 3325 656 3391 L.
702 3326 990 3391 Rubrius
1010 3325 1301 3397 Casinas
1346 3327 1505 3393 fecit
1549 3328 1870 3394 heredem.
1942 3329 2036 3394 Et
2083 3330 2337 3414 quidem
2363 3348 2411 3389 ω

293 3413 486 3497 vide,
533 3435 730 3496 quam
775 3418 840 3477 te
889 3415 1126 3478 amarit
1166 3416 1242 3498 13,
1289 3416 1401 3497 qui
1439 3416 1625 3481 albus
1664 3421 1887 3483 aterne
1924 3417 2181 3481 fuerit
2162 3440 2337 3503 igno·

323 3519 447 3562 ras.
546 3499 799 3567 Fratris
857 3500 1068 3565 filium
1120 3503 1462 3586 praeterit,
1500 3498 1602 3580 Q.
1658 3504 1831 3583 Fufi,
1890 3505 2335 3571 honestissimi
