2550 3875
351 158 483 223 528
605 159 687 212 IN
721 158 796 212 M.
834 156 1228 213 ANTONIUM
1267 157 1539 213 ORATIO
1576 157 1990 213 PHILIPPICA
2024 158 2150 213 XII.

351 325 461 385 tus
516 321 798 405 populus
843 319 1180 386 Romanus
1235 341 1371 385 non
1424 321 1636 385 solum
1692 319 1967 406 audivit,
2023 320 2136 385 sed
2189 320 2389 384 etiam

351 408 581 473 didicit
631 408 801 473 1111111
856 430 996 473 0880
1050 408 1306 473 1101111111
1360 407 1659 474 Romano
1715 408 1969 473 foedius
2026 408 2390 473 servitute?

266 509 331 557 16
351 495 685 561 Idcircone
733 516 896 582 saga
941 497 1358 580 sumpsimuS,
1404 518 1587 561 arma
1627 496 1935 581 cepimus,
1979 496 2391 561 iuventutem

266 1401 328 1449 17

352 606 613 649 omnem
659 607 738 650 ex
782 588 928 649 tota
972 583 1172 649 Italia
1218 584 1620 649 excussimus
1633 635 1650 668 ,
1703 588 1781 650 ut
1826 584 2114 649 exercitu
2161 585 2392 649 floren-

349 672 609 736 tissimo
666 675 734 736 et
788 672 1074 737 maximo
1128 672 1336 758 legati
1391 672 1471 737 ad
1526 694 1755 755 pacem
1808 673 2280 737 mitterentur?
2336 674 2393 739 si
2436 688 2461 730 ε

353 760 794 843 accipiendam
859 783 974 826 cur
1016 782 1151 826 non
1195 761 1551 846 rogamur?
1603 762 1661 825 si
1705 760 2188 845 postulandam,
2236 761 2395 845 quid

351 848 703 914 timemus?
793 811 875 913 In
925 849 1052 914 hac
1107 869 1230 934 ego
1286 849 1614 935 legatione
1666 849 1793 913 sim
1839 852 1955 913 aut
2001 849 2082 912 ad
2126 848 2198 913 id
2247 871 2395 914 con-

349 936 572 1000 silium
627 937 1014 1021 admiscear,
1066 936 1138 1001 in
1193 959 1323 1021 quo
1376 959 1457 1002 ne
1514 936 1572 1002 si
1626 936 1993 1002 dissensero
2042 937 2312 1020 quidem
2356 960 2395 1002 a

352 1025 612 1109 ceteris,
669 1026 954 1091 sciturus
1007 1024 1290 1109 populus
1336 1023 1673 1090 Romanus
1721 1025 1858 1090 sit?
1945 1024 2054 1089 Ita
2098 1025 2245 1111 fiet,
2302 1030 2393 1109 ut,

352 1113 410 1177 si
448 1114 603 1197 quid
638 1114 986 1179 remissum
1023 1116 1138 1177 aut
1175 1134 1556 1178 concessum
1594 1113 1702 1198 sit,
1746 1134 1893 1179 meo
1932 1134 2191 1198 semper
2226 1114 2394 1198 peri·
2422 1131 2467 1169 ιο

352 1202 498 1267 01110
543 1205 771 1286 peccet
815 1200 1166 1285 Antonius,
1211 1223 1363 1267 cum
1407 1201 1468 1267 ei
1513 1201 1824 1285 peccandi
1868 1205 2168 1287 potestas
2212 1224 2255 1267 a
2292 1224 2395 1267 me

352 1311 662 1355 concessa
704 1289 1021 1354 videatur.

489 1377 737 1454 Quodsi
798 1377 1098 1441 habenda
1152 1398 1303 1441 cum
1354 1376 1445 1442 M.
1499 1376 1753 1443 Antoni
1806 1378 2153 1443 latrocinio
2210 1379 2397 1463 pacis

352 1466 522 1530 ratio
577 1466 736 1550 fuit,
789 1487 936 1530 mea
990 1469 1214 1530 tamen
1265 1487 1549 1549 persona
1598 1466 1680 1531 ad
1723 1466 1925 1530 istam
1966 1487 2200 1550 pacem
2247 1488 2397 1531 con-

352 1554 702 1618 ciliandam
737 1554 1005 1617 minime
1041 1553 1170 1617 fuit
1207 1554 1566 1640 deligenda.
1637 1554 1787 1639 Ego
1822 1576 2182 1639 numquam
2221 1556 2397 1641 lega-
2424 1569 2473 1610 1⁵

352 1647 460 1707 tos
524 1642 883 1706 mittendos
948 1640 1198 1726 censui,
1262 1661 1385 1727 ego
1452 1646 1604 1707 ante
1668 1642 1954 1707 reditum
2016 1643 2391 1728 legatorum

353 1751 549 1794 ausus
597 1752 744 1794 sum
789 1730 1022 1814 dicere,
1066 1751 1297 1815 pacem
1342 1730 1555 1814 ipsam
1592 1731 1651 1795 si
1687 1729 2034 1815 adferrent,
2081 1731 2398 1815 quoniam

353 1819 475 1882 sub
527 1818 792 1883 nomine
845 1818 1026 1902 pacis
1081 1818 1330 1883 bellum
1383 1819 1647 1903 lateret,
1710 1818 2207 1904 repudiandam,
2271 1841 2396 1907 ego

351 1906 656 1991 princeps
695 1927 1023 1993 sagorum,
1068 1927 1193 1993 ego
1231 1927 1488 1991 semper
1523 1907 1713 1972 illum
1750 1906 2075 1993 appellavi
2110 1908 2397 1992 hostem,

353 2018 502 2060 cum
557 1996 672 2059 alii
728 1995 1200 2080 adversarium,
1255 2017 1512 2080 semper
1564 1997 1691 2061 hoc
1742 1997 2017 2080 bellum,
2073 2018 2224 2061 cum
2279 1998 2398 2061 alii
2426 2014 2475 2052 2⁰

352 2085 728 2148 tumultum.
837 2082 978 2148 Nec
1049 2083 1212 2148 haec
1274 2084 1346 2148 in
1408 2088 1640 2149 senatu
1703 2085 1945 2168 solum,
2018 2084 2247 2148 eadem
2314 2085 2398 2150 ad

351 2172 668 2254 populum
725 2193 982 2255 semper
1037 2172 1169 2258 egi,
1223 2193 1432 2255 neque
1490 2173 1703 2237 solum
1746 2172 1819 2236 in
1862 2173 2107 2257 ipsum,
2162 2173 2278 2237 sed
2326 2174 2399 2238 in

354 2259 493 2323 eius
559 2259 771 2323 socios
826 2259 1193 2324 facinorum
1256 2262 1325 2324 et
1379 2261 1717 2325 ministros
1784 2264 1853 2325 et
1904 2261 2270 2345 praesentis
2330 2266 2397 2326 et

353 2368 486 2430 eos,
523 2347 635 2429 qui
670 2369 802 2411 una
839 2351 1011 2431 sunt,
1047 2346 1119 2412 in
1154 2352 1370 2412 totam
1406 2348 1681 2433 denique
1717 2346 1807 2412 M.
1835 2347 2087 2413 Antoni
2124 2349 2396 2414 domum

267 2455 334 2504 18
355 2455 501 2499 sum
547 2456 804 2518 semper
847 2435 1161 2501 invectus.
1242 2435 1497 2538 Itaque,
1542 2441 1619 2501 ut
1664 2437 1912 2502 alacres
1958 2440 2028 2502 et
2069 2437 2232 2502 laeti
2277 2459 2395 2522 spe
2424 2447 2473 2496 25

352 2523 533 2607 pacis
573 2523 799 2587 oblata
835 2523 1007 2588 inter
1041 2545 1109 2588 se
1136 2524 1325 2608 impii
1354 2525 1546 2610 cives,
1584 2525 1772 2610 quasi
1798 2524 2131 2610 vicissent,
2169 2529 2395 2611 gratu-

352 2612 681 2696 labantur,
718 2611 812 2676 sic
844 2633 947 2676 1110
976 2611 1274 2695 iniquum
1304 2613 1658 2696 eierabant,
1694 2614 1771 2678 de
1799 2634 1904 2678 me
1933 2614 2397 2700 querebantur,

354 2699 739 2764 diffidebant
785 2699 987 2764 etiam
1025 2697 1333 2786 Servilio3
1378 2701 1810 2766 meminerant
1856 2700 1997 2766 01118
2044 2703 2395 2767 sententiis

354 2787 681 2853 confixum
713 2786 1105 2873 Antonium3
1140 2787 1214 2853 L.
1243 2787 1590 2855 Caesarem
1627 2789 1866 2854 fortem
1904 2789 2168 2872 quidem
2201 2789 2397 2856 illum

354 2879 422 2940 et
466 2879 881 2941 constantem
927 2880 1316 2960 senatorem,
1362 2879 1753 2943 avunculum
1788 2881 2029 2962 tamen,
2075 2876 2396 2944 Calenum
2422 2895 2473 2936 ³⁰

351 2968 872 3048 procuratorem,
925 2964 1233 3029 Pisonem
1279 2964 1701 3051 familiarem,
1754 2969 1822 3030 te
1867 2965 2113 3051 ipsum,
2159 2966 2397 3051 Pansa,

352 3051 1002 3117 vehementissimum
1034 3056 1102 3117 et
1137 3053 1576 3119 fortissimum
1610 3054 1946 3120 consulem
1980 3053 2234 3120 factum
2258 3055 2400 3120 iam

351 3143 592 3222 putant
636 3140 979 3224 leniorem3
1022 3163 1156 3206 non
1203 3162 1333 3225 quo
1379 3143 1477 3208 ita
1522 3143 1613 3207 sit
1658 3146 1774 3207 aut
1818 3163 1960 3208 esse
2001 3142 2233 3227 possit,
2280 3145 2397 3208 sed

353 3228 600 3292 mentio
668 3249 708 3292 a
770 3231 838 3292 te
899 3228 1080 3294 facta
1140 3230 1322 3313 pacis
1388 3231 1825 3316 suspicionem
1878 3231 2106 3295 multis
2162 3232 2397 3296 attulit

351 3313 716 3380 inmutatae
775 3317 1155 3381 voluntatis.
1255 3316 1441 3382 Inter
1491 3319 1613 3384 has
1666 3340 1981 3404 personas
2034 3341 2139 3384 me
2193 3319 2397 3384 inter-
2421 3337 2474 3378 ³⁵

353 3400 597 3466 iectum
642 3403 838 3467 amici
871 3403 1125 3468 Antoni
1170 3406 1447 3471 moleste
1492 3407 1740 3491 ferunt3
1789 3406 2025 3491 quibus
2067 3408 2395 3493 gerendus

271 3468 335 3602 1}
356 3507 497 3550 mos
537 3492 657 3573 est,
703 3492 1013 3572 quoniam
1051 3493 1251 3556 semel
1288 3493 1592 3560 liberales
1631 3516 1773 3560 esse
1812 3495 2163 3580 coepimus.
2234 3494 2397 3562 Pro-
