2550 3875
865 201 1020 256 cAP.
1061 208 1198 256 '7-9
1237 208 1267 268 ξ
1309 209 1533 259 17-23.
2101 205 2233 271 289

185 362 323 447 ipsi
375 366 516 426 tam
559 361 950 446 beneficum,
1007 366 1144 427 tam
1192 364 1573 451 salutarem,
1628 370 1770 430 tam
1814 371 2231 432 mansuetum

190 451 402 516 civem
441 449 827 515 desiderant.
895 449 1051 516 Non
1083 450 1213 515 fuit
1249 474 1328 517 ea
1366 457 1584 537 causa,
1611 453 1877 540 iudices,
1912 454 2230 542 profecto,
2248 466 2315 516 21

189 561 330 604 non
399 538 556 622 fuit,
629 559 743 604 cur
812 539 940 604 sibi
1005 544 1298 605 censeret
1360 540 1711 625 Pompeius
1779 544 2230 628 quaestionem

190 625 546 712 ferendam,
620 627 734 692 sed
804 627 1003 692 homo
1079 627 1338 711 sapiens
1412 633 1610 712 atque
1678 630 1817 695 alta
1881 635 1948 695 et
2011 631 2230 697 divina

125 739 160 781 s
194 715 477 800 quadam
521 719 740 780 mente
779 715 1114 798 praeditus
1153 716 1365 780 multa
1398 717 1587 782 vidit:
1635 717 1837 783 fuisse
1871 719 2063 784 illum
2098 720 2227 786 sibi

191 804 560 889 inimicum,
607 803 1000 868 familiarem
1043 802 1386 890 Milonem3
1440 805 1511 869 in
1557 807 1887 871 communi
1934 808 2227 873 omnium

190 892 452 957 laetitia
505 891 563 957 si
617 891 818 956 etiam
871 891 1011 975 ipse
1069 893 1410 979 gauderet,
1465 893 1718 979 timuit,
1770 916 1851 959 ne
1897 895 2228 961 videretur

190 980 516 1045 infirmior
559 979 720 1044 fides
766 979 1222 1045 reconciliatae
1265 981 1537 1067 gratiae.
1606 980 1823 1047 Multa
1859 984 2060 1049 etiam
2097 985 2227 1049 alia

189 1069 375 1154 vidit,
413 1068 526 1133 sed
560 1067 724 1133 illud
761 1068 1058 1153 maxime,
1096 1069 1394 1152 quamvis
1432 1070 1746 1135 atrociter
1772 1070 1914 1155 ipse
1942 1073 2225 1158 tulisset,

97 1181 166 1221 ιο
191 1178 310 1222 vos
384 1160 607 1221 tamen
679 1154 941 1220 fortiter
1009 1156 1430 1223 iudicaturos.
1538 1156 1773 1243 Itaque
1837 1159 2082 1245 delegit
2145 1182 2225 1225 ex

190 1243 677 1310 florentissimis
717 1244 1053 1310 ordinibus
1091 1245 1237 1328 ipsa
1272 1245 1540 1329 lumina,
1583 1267 1795 1330 neque
1831 1268 2004 1331 vero,
2052 1248 2225 1333 quod

187 1355 324 1399 non
368 1333 536 1399 nulli
583 1332 910 1418 dictitant,
956 1333 1232 1398 secrevit
1267 1333 1341 1398 in
1374 1333 1700 1399 iudicibus
1737 1335 2030 1421 legendis
2068 1335 2223 1400 ami-

191 1443 304 1487 cos
357 1442 555 1487 meos.
645 1419 876 1506 Neque
924 1421 1096 1486 enim
1140 1422 1266 1487 hoc
1312 1421 1632 1507 cogitavit
1676 1423 1777 1488 vir
1822 1423 2223 1489 iustissimus

187 1531 400 1594 neque
469 1511 541 1575 in
599 1509 791 1574 bonis
855 1509 1012 1574 viris
1075 1510 1368 1595 legendis
1432 1510 1499 1576 id
1562 1511 1823 1595 assequi
1876 1513 2225 1598 potuisset,

100 1621 162 1662 ιε
189 1598 453 1663 etiamsi
509 1597 816 1682 cupisset.
910 1596 1066 1663 Non
1119 1598 1295 1662 enim
1349 1619 1494 1664 mea
1548 1600 1765 1684 gratia
1817 1599 2226 1665 familiarita-

185 1687 370 1752 tibus
399 1687 788 1770 continetur,
817 1708 980 1770 quae
1007 1687 1141 1750 late
1160 1690 1387 1770 patere
1402 1708 1537 1752 non
1552 1692 1849 1773 possunt,
1875 1693 2225 1773 propterea

188 1775 366 1859 quod
394 1774 892 1841 consuetudines
920 1774 1133 1839 victus
1159 1796 1295 1838 non
1320 1779 1601 1859 possunt
1627 1797 1770 1840 esse
1800 1798 1947 1842 cum
1967 1777 2223 1864 multis3

187 1864 322 1948 sed,
368 1864 427 1929 si
473 1863 627 1948 quid
671 1884 1040 1949 possumus,
1086 1884 1164 1927 ex
1210 1884 1288 1928 eo
1333 1884 1702 1950 possumus,
1748 1865 1922 1948 quod
1967 1887 2071 1930 res
2107 1888 2224 1951 pu-

184 1952 364 2019 blica
415 1974 537 2018 nos
595 1952 930 2018 coniunxit
985 1974 1134 2017 cum
1181 1951 1393 2017 bonis.
1482 1952 1586 2017 Ex
1632 1952 1868 2035 quibus
1914 1954 2026 2018 ille
2074 1976 2223 2019 cum

99 2066 160 2106 so
185 2042 478 2126 optimos
532 2041 708 2106 viros
763 2041 1011 2127 legeret
1062 2040 1257 2124 idque
1313 2040 1592 2105 maxime
1647 2040 1730 2106 ad
1783 2040 1981 2105 fidem
2036 2063 2221 2107 suam

181 2129 513 2215 pertinere
551 2129 1002 2212 arbitraretur,
1039 2150 1174 2193 non
1208 2129 1430 2212 potuit
1466 2129 1683 2214 legere
1719 2150 1855 2193 non
1891 2130 2219 2195 studiosos

183 2217 334 2282 mei.
427 2217 615 2293 Quod
659 2238 812 2283 vero
859 2220 944 2301 te,
989 2215 1062 2281 L.
1107 2215 1380 2301 Domiti,
1422 2217 1576 2282 huic
1624 2217 1993 2300 quaestioni
2038 2240 2217 2302 prae-
2236 2224 2306 2275 22

183 2327 328 2371 esse
366 2306 648 2371 maxime
685 2305 912 2387 voluit,
947 2304 1113 2369 nihil
1153 2305 1475 2388 quaesivit
1513 2304 1688 2369 aliud
1720 2305 1848 2371 nisi
1874 2306 2220 2393 iustitiam,

182 2394 601 2481 gravitatem,
644 2393 1142 2475 humanitatem,
1177 2392 1391 2457 fidem.
1464 2392 1663 2476 Tulit,
1698 2398 1777 2458 ut
1812 2394 2220 2460 consularem

99 2506 156 2547 85
182 2504 452 2549 necesse
490 2486 681 2567 esset,
718 2482 928 2567 credo,
966 2482 1139 2565 quod
1175 2481 1545 2565 principum
1582 2503 1816 2546 munus
1854 2503 1997 2548 esse
2035 2484 2220 2549 duce-

179 2572 303 2635 bat
366 2570 670 2636 resistere
736 2574 803 2635 et
865 2569 1121 2635 levitati
1186 2568 1626 2634 multitudinis
1692 2574 1761 2635 et
1812 2572 2220 2654 perditorum

181 2659 566 2724 temeritati.
663 2658 767 2723 Ex
833 2657 1283 2723 consularibus
1349 2661 1415 2721 te
1472 2657 1717 2723 creavit
1769 2659 2217 2743 potissimum3

181 2747 454 2812 dederas
512 2747 713 2832 enim,
769 2768 966 2829 quam
1021 2749 1468 2811 contemneres
1512 2745 1863 2830 populares
1909 2747 2218 2830 insaniae,

188 2836 326 2901 iam
392 2836 474 2899 ab
531 2834 972 2899 adulescentia
1026 2834 1413 2899 documenta
1468 2834 1767 2898 maxima.
2237 2870 2278 2933 9

99 2948 156 2989 so
319 2923 533 2999 Quam
555 2925 638 2987 ob
659 2945 816 3007 rem,
835 2922 1099 3006 iudices,
1118 2926 1195 2986 ut
1205 2921 1553 3006 aliquando
1572 2922 1653 2985 ad
1666 2942 1929 2986 causam
1950 2919 2218 2986 crimen·
2238 2960 2304 3009 23

182 3034 309 3097 que
327 3012 684 3096 veniamus,
713 3012 770 3077 si
787 3032 996 3095 neque
1018 3010 1230 3076 omnis
1253 3009 1575 3079 confessio
1595 3008 1756 3074 facti
1780 3012 1882 3073 est
1899 3008 2220 3073 inusitata

177 3121 392 3185 neque
439 3100 518 3165 de
565 3121 760 3165 causa
803 3104 1032 3163 nostra
1078 3099 1428 3183 quicquam
1474 3098 1694 3181 aliter,
1740 3117 1817 3161 ac
1860 3117 1982 3161 nos
2028 3097 2221 3161 velle-

179 3210 355 3273 mus,
403 3210 443 3253 a
489 3191 720 3253 senatu
764 3186 1124 3253 iudicatum
1171 3190 1274 3252 est
1320 3191 1386 3252 et
1430 3185 1605 3251 lator
1650 3185 1791 3268 ipse
1837 3184 2023 3269 legiS,
2070 3206 2219 3249 cum

178 3282 356 3342 esset
421 3276 867 3341 controversia
924 3277 1105 3341 nulla
1157 3274 1345 3360 facti,
1408 3273 1569 3338 iuris
1626 3277 1849 3337 tamen
1902 3272 2219 3356 discepta-

99 3389 151 3431 85
176 3365 431 3431 tionem
475 3386 616 3429 esse
654 3364 866 3429 voluit
903 3368 971 3429 et
1008 3365 1066 3428 ei
1101 3364 1261 3428 lecti
1296 3363 1541 3428 iudices
1578 3361 1765 3444 isque
1802 3360 2219 3444 praepositus

175 3460 265 3520 est
319 3453 718 3537 quaestioni,
775 3452 889 3536 qui
940 3453 1103 3517 haee
1153 3452 1327 3515 iuste
1375 3450 1829 3534 sapienterque
1878 3448 2217 3533 disceptet,

176 3542 508 3625 reliquum
570 3545 700 3626 est,
763 3540 1035 3626 iudiceS,
1096 3543 1174 3603 ut
1233 3538 1401 3603 nihil
1467 3538 1619 3601 iam·
1664 3557 1974 3619 quaerere
2040 3536 2217 3601 aliud

285 3644 398 3688 oro.
427 3645 492 3685 11.
521 3646 562 3685 a.
1828 3644 1897 3692 19
