2550 3875
345 178 479 241 554
551 179 631 231 IN
667 179 740 233 M.
780 177 1170 233 ANTONIUM
1207 178 1322 234 ΟΒ.
1359 179 1544 235 PHIL.
1581 178 1728 233 XIII.
1794 177 1950 233 GAP.
1988 184 2054 233 21
2094 185 2125 245 ξ
2162 185 2253 247 49,
2289 185 2367 232 50.

347 340 406 405 si
441 340 584 403 fieri
619 339 850 424 possit,
886 343 1096 404 terras
1134 340 1514 425 demigrare,
1551 342 1719 404 unde
1757 340 2197 405 Antoniorum
2236 338 2370 403 ‘nec

347 426 526 491 facta
569 449 688 491 nec
732 449 972 492 nomen
1026 428 1291 511 audiat'‚
1348 450 1542 511 quam
1586 428 1737 492 illos
1787 427 2082 493 Caesaris
2130 427 2370 491 virtute

347 516 619 597 eiectos,
691 514 884 579 Bruti
966 519 1256 580 retentos
1330 516 1507 580 intra
1578 514 1739 581 haec
1812 516 2068 580 moenia
2138 514 2370 579 videre.

347 602 853 686 Optatissimum
891 607 992 667 est
1028 604 1314 687 vincere3
1352 604 1703 668 secundum
1740 607 1841 668 est
1867 603 2122 667 nullum
2150 623 2370 667 casum

345 711 467 773 pro
524 690 844 775 dignitate
901 695 968 755 et
1022 691 1328 755 libertate
1383 692 1634 776 patriae
1687 713 1821 756 non
1872 690 2212 756 ferendum
2260 712 2370 774 pu·
2416 712 2439 753 ε

347 781 507 841 tare.
581 776 768 853 Quod
803 778 1127 863 reliquum
1166 783 1286 863 est,
1332 801 1468 843 non
1503 783 1606 843 est
1641 779 1929 863 tertium,
1977 778 2090 843 sed
2125 782 2372 862 postre-

345 887 527 931 mum
573 866 883 951 omnium,
929 866 1283 930 maximam
1319 866 1796 951 turpitudinem
1833 867 2163 950 suscipere
2199 866 2373 931 vitae

259 1051 329 1101 ⁵0
348 954 720 1118 ωριὲὶίῗὲἓθ
729 1064 877 1107 cum
939 1042 1036 1106 ita
1101 1042 1261 1127 sint,
1327 1043 1403 1105 de
1468 1042 1793 1106 mandatis
1857 1042 2231 1124 litterisque
2286 1040 2373 1105 M.

349 1129 605 1214 Lepidi,
660 1130 786 1195 viri
833 1130 1206 1213 clarissimi,
1264 1128 1540 1194 Servilio
1588 1130 1914 1195 assentior
1961 1133 2027 1193 et
2071 1130 2198 1193 hoc
2246 1150 2443 1193 am-1o

111 1214 282 1289 N
348 1218 520 1301 plius
569 1239 828 1301 cense0‚
878 1217 1217 1302 Magnum
1261 1216 1673 1303 Pompeium,
1722 1216 1928 1282 Gnaei
1972 1200 2431 1300 ΗΙὶὐΞἯ

348 1305 556 1389 patris
613 1306 1060 1389 maiorumque
1119 1327 1386 1370 suorum
1442 1306 1658 1369 animo
1716 1306 2062 1388 studioque
2117 1305 2188 1368 in
2239 1326 2374 1368 rem

348 1393 681 1475 publicam
726 1415 969 1477 suaque
1016 1393 1297 1476 pristina
1341 1394 1603 1477 virtute,
1652 1393 1994 1477 industria,
2039 1393 2373 1457 voluntate

348 1480 608 1565 fecisse,
674 1482 846 1564 quod
901 1502 1086 1545 suam
1143 1502 1523 1566 eorumque,
1588 1502 1751 1564 quos
1809 1502 2029 1545 secum
2083 1481 2375 1564 haberet,

350 1590 616 1651 operam
680 1568 936 1632 senatui
999 1570 1370 1669 populoque
1426 1569 1723 1634 Romano
1787 1568 2122 1653 pollicitus
2184 1572 2375 1652 esset,
2401 1590 2444 1632 1⁵

350 1677 622 1739 eamque
677 1677 816 1721 rem
871 1656 1127 1721 senatui
1177 1656 1550 1741 populoque
1606 1657 1904 1722 Romano
1960 1660 2223 1742 gratam
2279 1678 2375 1721 ac-

350 1747 735 1827 ceptamque
791 1764 959 1828 esse,
1015 1744 1200 1828 eique
1253 1745 1491 1810 honori
1544 1744 1981 1830 dignitatique
2037 1766 2183 1808 eam
2239 1765 2374 1809 rem

349 1829 508 1897 fore.
512 1830 532 1859 ³
631 1830 776 1896 Hoc
837 1831 941 1895 vel
1001 1832 1307 1917 coniungi
1373 1854 1520 1897 cum
1574 1834 1701 1897 hoc
1756 1836 2019 1897 senatus
2077 1834 2375 1897 consulto

349 1918 508 1985 licet
570 1920 673 1986 vel
739 1920 992 2006 seiungi
1052 1924 1275 2005 potest
1340 1921 1816 2006 separatimque
1881 1920 2229 2006 perscribi,
2302 1927 2375 1985 ut
2538 1959 2540 2016 Α

348 2009 615 2093 proprio
681 2013 944 2073 senatus
1009 2010 1308 2075 consulto
1364 2009 1715 2094 Pompeius
1770 2009 2180 2074 collaudatus
2236 2031 2374 2074 esse
2400 2031 2445 2071 πο
2538 2037 2540 2094 1

347 2095 662 2163 videatur.
