2550 3875
423 174 558 238 204
979 168 1124 225 PRO
1164 167 1279 224 CN.
1316 166 1630 224 PLANCIO
1670 167 1953 222 ORATIO.

424 335 595 401 nihil
640 333 720 397 (16
765 353 979 416 poena
1022 331 1369 414 recusab03
1420 329 1526 394 sin
1570 330 1792 395 01111113
1836 329 2253 414 praestitero,
2300 351 2459 414 quae

429 426 584 487 sunt
622 444 662 486 a
695 421 888 485 bonis
926 419 1086 484 viris
1125 419 1543 503 expectanda,
1586 423 1828 502 petam,
1874 418 2138 501 iudiceS,
2178 440 2222 482 3
2257 420 2459 500 vobis,

427 514 523 595 ut,
577 510 760 574 cuius
807 507 1258 573 misericordia
1305 506 1481 571 salus
1528 527 1675 570 mea
1720 506 2049 570 custodita
2094 469 2203 589 s'it,
2251 506 2316 570 ei
2353 529 2459 572 vos

427 561 720 664 ve'stram
755 595 1276 661 misericordiam
1314 617 1418 659 me
1456 595 1843 678 deprecante
1872 595 2203 658 tribuatis.
2265 594 2462 679 Equi-

431 688 580 750 dem
636 686 718 749 ad
767 685 1056 768 reliquos
1101 683 1389 765 labores,
1446 704 1609 766 quos
1655 682 1727 746 in
1769 683 1895 747 hac
1940 703 2137 747 causa
2180 683 2461 748 maiores
2498 723 2503 745 2

431 774 719 858 suscipio
777 795 976 856 quam
1030 773 1102 836 in
1156 771 1419 855 ceteris,
1473 771 1676 835 etiam
1723 771 1894 836 hanc
1940 770 2321 835 molestiam
2370 773 2463 835 ad-

433 884 641 945 sumo,
680 862 856 945 quod
891 860 1058 924 mihi
1091 882 1228 925 non
1263 859 1479 924 solum
1514 881 1635 943 pro
1670 857 1784 924 Cn.
1813 858 2081 923 Plancio
2122 858 2463 924 dicendum

433 954 554 1034 est,
592 951 774 1016 cuius
814 970 938 1035 ego
977 947 1259 1013 salutem
1295 969 1430 1012 non
1466 968 1654 1012 secus
1692 969 1770 1012 ac
1801 969 2014 1012 meam
2042 947 2216 1010 tueri
2246 947 2465 1031 debe0,

369 1088 413 1152 2
435 1002 554 1104 sed
587 1038 789 1102 etiam
825 1060 946 1122 pro
985 1059 1090 1102 me
1127 1037 1293 1120 ipso,
1331 1037 1408 1100 de
1444 1057 1573 1120 quo
1603 1040 2014 1100 accusatores
2040 1035 2237 1120 plura
2262 1058 2464 1135 paene

378 1149 633 1226 4quam
680 1127 758 1190 de
804 1148 874 1190 re
922 1147 1161 1210 reoque
1208 1125 1529 1188 dixerunt.
1623 1123 2051 1207 Quamquam,
2096 1123 2501 1208 iudice8,si1

378 1179 594 1300 4quid
649 1219 750 1279 est
805 1215 876 1278 in
930 1235 1035 1279 me
1090 1214 1236 1297 ipso
1288 1213 1387 1277 ita
1431 1213 1923 1296 reprehensum,
1976 1215 2053 1274 ut
2098 1211 2168 1275 id
2214 1213 2302 1276 ab
2352 1213 2471 1277 1106

433 1305 805 1368 seiunctum
852 1302 967 1386 sit,
1015 1323 1151 1367 non
1195 1323 1300 1365 me
1348 1301 1416 1364 id
1460 1321 1855 1386 magnopere
1902 1300 2287 1385 conturbat3
2344 1324 2473 1366 non

434 1393 612 1456 enim
657 1391 880 1471 timeo,
923 1412 1026 1474 116,
1073 1389 1228 1473 quia
1273 1411 1541 1490 perraro
1589 1388 1764 1474 grati
1807 1388 2106 1453 homines
2144 1390 2473 1472 reperian-

433 1484 564 1563 tur,
609 1479 872 1561 idcircO,
919 1499 1068 1542 cum
1112 1499 1216 1541 me
1262 1499 1541 1542 mmium
1586 1481 1853 1562 gratum
1896 1476 1999 1540 illi
2044 1497 2186 1540 esse
2232 1477 2475 1558 dicant,

433 1568 501 1631 id
548 1567 712 1630 mihi
760 1566 1185 1631 criminosum
1232 1587 1375 1630 esse
1421 1565 1651 1649 possit.
1744 1565 1923 1642 Quae
1970 1586 2123 1629 vero
2170 1565 2273 1629 ita
2324 1529 2475 1631 sunt,
2496 1591 2513 1629 1

435 1655 695 1739 agitata
749 1655 830 1718 ab
887 1654 1051 1736 illis,
1103 1658 1181 1718 ut
1236 1657 1353 1718 aut
1408 1654 1647 1718 merita
1700 1652 1817 1719 Cn.
1866 1652 2095 1717 Planci
2151 1674 2320 1739 erga
2380 1678 2476 1719 me

433 1743 693 1808 minora
739 1764 880 1806 esse
926 1742 1235 1825 dicerent,
1283 1763 1481 1825 quam
1522 1763 1563 1805 a
1598 1765 1701 1806 me
1738 1742 1883 1825 ipso
1921 1740 2478 1825 praedicarentur,

437 1834 580 1914 aut,
633 1831 692 1895 si
738 1834 958 1894 essent
1004 1851 1287 1913 summa,
1331 1834 1651 1914 negarent
1697 1851 1773 1894 ea
1819 1834 2041 1894 tamen
2085 1829 2182 1892 ita
2230 1833 2477 1917 magni,

435 1922 512 1985 ut
559 1940 682 2006 ego
728 1921 1049 2003 putarem,
1093 1917 1401 2003 ponderis
1450 1919 1624 2002 apud
1668 1941 1783 1984 vos
1832 1940 1974 1983 esse
2012 1919 2270 2003 debere,
2320 1920 2479 1985 haec

434 2008 599 2073 mihi
647 2011 802 2071 sunt
847 2007 1211 2090 tractanda,
1256 2007 1522 2091 iudices,
1570 2011 1637 2071 et
1680 2007 1952 2090 modice,
1995 2028 2078 2072 ne
2125 2008 2292 2090 quid
2340 2010 2512 2094 ipse:

435 2096 779 2179 offendam,
825 2100 893 2159 et
928 2100 1074 2159 tum
1111 2095 1406 2179 denique,
1448 2117 1599 2160 cum
1634 2095 2029 2181 respondero
2069 2095 2481 2177 criminibus,

433 2207 516 2249 ne
576 2205 712 2249 non
765 2188 904 2249 tam
957 2183 1336 2247 innocentia
1389 2204 1541 2247 reus
1596 2205 1715 2247 sua
1767 2205 1966 2267 quam
2020 2184 2481 2249 recordatione

437 2294 734 2337 meorum
780 2275 1155 2356 temporum
1201 2271 1505 2336 defensus
1552 2292 1692 2335 6336
1739 2271 2055 2336 videatur.

381 2357 416 2405 5
576 2358 702 2425 Sed
757 2360 922 2425 mihi
975 2360 1046 2425 in
1101 2381 1299 2425 631133
1350 2359 1527 2424 facili
1574 2363 1770 2443 atque
1818 2360 2143 2442 explicata
2186 2360 2485 2443 perdiffi-

436 2449 610 2532 cilis,
665 2449 938 2530 111ᾶ1663,
989 2453 1058 2513 et
1103 2448 1359 2513 lubrica
1403 2447 1797 2511 defensionis
1841 2447 2013 2512 ratio
2058 2450 2515 2531 proponitur.-

434 2535 630 2620 Nam,
673 2537 731 2602 si
767 2541 1029 2601 tantum
1066 2537 1258 2601 modo
1299 2535 1463 2599 mihi
1498 2557 1763 2600 necesse
1802 2538 1977 2600 esset
2015 2537 2254 2600 contra
2292 2535 2487 2602 Late-

434 2647 696 2690 rensem
759 2625 1000 2708 dicere,
1064 2628 1287 2688 tamen
1352 2623 1419 2687 id
1479 2624 1695 2707 ipsum
1749 2627 1923 2688 esset
1975 2623 2047 2687 in
2100 2627 2301 2689 tanto
2368 2648 2490 2690 usu

357 2766 360 2768 (
434 2719 666 2779 nostro
722 2717 1038 2797 tantaque
1094 2712 1389 2777 amicitia
1438 2713 1807 2777 molestum.
1890 2710 2101 2776 Vetus
2148 2716 2259 2775 est
2310 2716 2492 2778 enim

435 2804 542 2867 lex
588 2801 705 2865 illa
749 2802 962 2866 iustae
1009 2822 1327 2884 veraeque
1372 2800 1717 2884 amicitiae,
1765 2821 1929 2885 quae
1968 2799 2131 2864 mihi
2171 2822 2334 2867 cum
2374 2803 2491 2866 illo

436 2891 570 2955 iam
621 2890 732 2954 diu
780 2894 906 2972 est,
957 2892 1034 2954 ut
1076 2889 1252 2953 idem
1300 2889 1494 2953 amici
1540 2910 1797 2973 semper
1841 2888 2067 2971 velint,
2108 2910 2337 2972 neque
2394 2890 2526 2955 ests

393 3042 402 3049 ,
434 2979 648 3043 ullum
703 2977 1031 3042 amicitiae
1090 2976 1334 3041 certius
1381 2977 1712 3041 vinculum
1759 2999 1955 3060 quam
2003 2997 2380 3043 consensus
2433 2984 2495 3043 et

405 3066 719 3139 ,societas
768 3065 1192 3131 consiliorum
1239 3068 1307 3129 et
1352 3065 1783 3130 voluntatum.
1866 3062 2035 3129 Mihi
2082 3069 2321 3133 autem
2360 3090 2497 3133 non

367 3208 374 3215 .
435 3154 504 3219 id
554 3157 658 3218 est
702 3153 774 3217 in
815 3153 938 3219 hac
988 3175 1058 3217 re
1105 3151 1672 3236 molestissimum,
1732 3157 1963 3217 contra
2006 3151 2200 3217 illum
2250 3154 2497 3235 dicere,

435 3241 551 3305 sed
597 3241 808 3305 multo
849 3241 1016 3306 illud
1054 3241 1285 3325 magia,
1334 3242 1509 3324 quod
1544 3242 1615 3306 in
1652 3262 1729 3305 ea
1765 3262 1962 3306 causa
1998 3244 2236 3305 contra
2276 3243 2498 3309 dicen-

435 3329 592 3392 dum
643 3332 770 3411 est,
825 3329 897 3393 in
944 3350 1074 3412 qua
1120 3330 1440 3411 quaedam
1485 3329 1826 3393 hominum
1873 3330 2171 3412 ipsorum
2218 3332 2526 3397 videturs

385 3414 734 3481 efacienda
765 3437 908 3480 esse
939 3415 1293 3480 contentio.
1369 3415 1642 3492 Quaerit
1670 3418 1845 3482 enim
1871 3415 2255 3483 Laterensis
2290 3425 2499 3505 atque

435 3500 565 3565 hoc
600 3524 734 3566 uno
773 3504 1055 3566 maxime
1091 3507 1304 3587 urget,
1343 3525 1472 3587 qua
1508 3526 1577 3569 36
1610 3506 1874 3591 virtute,
1911 3527 2041 3590 qua
2067 3505 2269 3573 laude
2302 3508 2501 3572 Plan-
