2550 3875
364 177 493 240 372
637 172 716 226 IN
752 171 829 227 M.
867 167 1266 224 ANTONIUM
1304 165 1577 222 ORATIO
1613 162 2026 220 PHILIPPICA
2062 162 2106 219 1.

268 340 345 405 14
365 336 801 422 suspicionem
844 333 1054 398 vitare
1099 329 1457 415 potuisses!
1549 327 1723 392 Illud
1769 326 1981 412 magis
2029 347 2279 410 vereor,
2314 347 2411 388 ne

363 428 674 513 ignorans
730 443 955 488 verum
1007 421 1137 483 iter
1192 418 1440 503 gloriae
1488 416 1848 501 gloriosum
1892 418 2086 498 putes
2129 413 2282 498 plus
2332 417 2413 477 to·

362 536 566 580 unum
601 532 793 597 posse
832 530 1029 594 quam
1067 527 1291 572 omnes
1329 509 1397 570 et
1425 505 1631 568 metui
1658 526 1697 568 a
1725 503 1975 568 civibus
2004 502 2137 566 tuis
2170 503 2411 586 [quam

365 602 552 687 diligi
598 600 838 680 malis}
931 596 1119 674 Quod
1166 595 1224 659 si
1269 594 1366 658 ita
1408 596 1622 677 putas,
1666 595 1879 656 totam
1914 591 2181 676 ignoras
2220 591 2409 655 viam

368 690 667 776 gloriae.‘
711 687 951 753 Carum
990 705 1131 749 esse
1170 683 1395 766 civem,
1431 681 1597 745 bene
1634 680 1713 744 de
1751 703 1819 745 re
1846 680 2114 763 publica
2140 679 2407 762 mereri,
2476 708 2507 747 5

367 777 647 860 laudari,
703 775 848 857 coli,
902 773 1092 858 diligi
1146 771 1508 857 gloriosum
1564 773 1693 853 est3
1747 767 1951 832 metui
2005 789 2159 833 vero
2218 771 2289 832 et
2334 767 2413 830 in

371 866 520 930 odio
559 885 700 930 esse
737 861 1147 943 invidiosum,
1185 857 1593 940 detestabile,
1630 856 2027 939 inbecillum,
2065 856 2409 920 caducum.

282 969 352 1016 34
373 953 560 1031 Quod
605 951 900 1016 videmus
939 949 1140 1014 etiam
1175 947 1246 1011 in
1282 946 1505 1011 fabula
1539 945 1640 1009 illi
1674 945 1822 1029 ipsi,
1869 945 1983 1028 qui
2021 943 2379 1008 tOderint
2388 995 2411 1028 ,

371 1043 544 1106 dum
589 1037 962 1104 metuant'
1011 1035 1265 1119 dixerit,
1311 1034 1749 1118 perniciosum
1793 1032 2014 1098 fuisse.
2104 1031 2411 1117 Utinam,

370 1128 457 1194 M.
523 1126 800 1209 Antoni,
866 1147 1060 1190 avum
1122 1127 1312 1188 tuum
1365 1122 1800 1187 meminisses!
1855 1122 1935 1185 de
1990 1142 2120 1205 quo
2176 1124 2412 1185 tamen
2444 1145 2497 1182 10

371 1216 614 1283 audisti
651 1216 861 1279 multa
897 1235 977 1278 ex
1013 1233 1135 1296 me,
1173 1233 1377 1294 eaque
1415 1211 1810 1294 saepissime.
1883 1208 2173 1274 Putasne
2212 1209 2411 1274 illum

370 1296 940 1370 immortalitatem
995 1300 1231 1365 mereri
1276 1299 1588 1382 voluisse,
1640 1303 1717 1364 ut
1761 1301 2032 1382 propter
2066 1319 2413 1362 armorum

369 1392 817 1458 habendorum
854 1389 1188 1454 licentiam
1224 1387 1668 1452 metueretur?
1750 1385 1877 1450 Illa
1913 1389 2055 1450 erat
2090 1386 2252 1469 vita,
2288 1385 2413 1450 illa

374 1481 657 1546 secunda
684 1479 968 1561 fortuna,
996 1477 1305 1541 libertate
1334 1497 1476 1540 esse
1503 1497 1729 1559 parem
1756 1474 2009 1557 ceteris,
2036 1475 2410 1558 principem

373 1569 712 1653 dignitate.
801 1565 1060 1650 Itaque,
1114 1568 1191 1628 ut
1237 1564 1542 1628 omittam
1587 1585 1692 1629 res
1739 1563 1843 1627 avi
1888 1562 1988 1627 tui
2033 1583 2411 1646 prosperas,
2440 1584 2493 1624 ιε

375 1655 867 1720 acerbissimum
957 1653 1096 1717 eius
1180 1673 1555 1736 supremum
1637 1651 1809 1715 diem
1894 1650 2120 1715 malim
2203 1672 2409 1735 quam

372 1743 446 1808 L.
510 1742 754 1808 Cinnae
819 1741 1252 1825 dominatum,
1318 1763 1357 1804 a
1422 1761 1550 1824 quo
1613 1739 1727 1804 ille
1792 1738 2241 1804 crudelissime
2303 1744 2409 1804 est

372 1830 772 1896 interfectae.

287 1935 354 1985 35
511 1918 637 1985 Sed
702 1918 857 2003 quid
923 1918 1217 1984 oratione
1282 1921 1349 1982 te
1413 1916 1717 1982 flectam?
1820 1913 1891 1981 Si
1955 1915 2130 1980 enim
2186 1915 2405 1981 exitus

375 2007 445 2074 O.
492 2006 792 2074 Caesaris
847 2006 1102 2071 efficere
1155 2028 1291 2071 non
1344 2009 1591 2089 potest,
1644 2008 1720 2069 ut
1776 2003 1965 2069 malis
2022 2026 2211 2069 carus
2261 2026 2404 2069 esse
2437 2027 2491 2066 20

376 2118 573 2180 quam
636 2095 868 2179 metui,
935 2094 1102 2159 nihil
1165 2095 1551 2177 cuiusquam
1612 2092 1912 2177 proficiet
1973 2114 2094 2157 neo
2159 2093 2409 2158 valebit

377 2184 606 2249 oratio.
701 2182 909 2259 Quem
964 2183 1076 2266 qui
1126 2184 1394 2247 beatum
1438 2181 1641 2245 fuisse
1686 2184 1949 2265 putant,
2004 2181 2229 2246 miseri
2276 2182 2408 2265 ipsi

378 2275 548 2334 sunt.
645 2269 892 2335 Beatus
950 2274 1052 2335 est
1104 2292 1324 2354 nemo,
1390 2271 1502 2353 qui
1558 2291 1633 2333 ea
1686 2269 1832 2354 lege
1886 2268 2076 2352 vivit,
2139 2273 2218 2333 ut
2271 2292 2409 2334 non

377 2357 571 2422 modo
600 2357 860 2441 inpune,
889 2357 1001 2423 sed
1031 2359 1229 2423 etiam
1259 2380 1408 2423 oum
1436 2379 1691 2422 summa
1717 2356 2159 2422 interfectoris
2191 2357 2409 2443 gloria

377 2445 656 2509 interfici
710 2446 940 2529 possit.
1034 2446 1247 2522 Quare
1298 2446 1486 2510 flecte
1533 2450 1628 2530 te,
1684 2466 1951 2530 quaeso,
2006 2450 2075 2509 et
2120 2446 2405 2511 maiores
2434 2465 2491 2507 25

377 2537 528 2597 tuos
602 2534 850 2617 respice
921 2537 1117 2617 atque
1180 2534 1277 2597 ita
1342 2533 1635 2618 guberna
1696 2556 1835 2599 rem
1897 2533 2256 2619 publicam,
2329 2539 2410 2598 ut

375 2625 606 2685 natum
651 2642 792 2685 esse
829 2626 896 2685 te
935 2622 1105 2687 cives
1144 2622 1243 2686 tui
1282 2622 1624 2707 gaudeant,
1670 2622 1808 2686 sine
1848 2644 1975 2706 quo
2013 2644 2132 2687 nec
2170 2623 2409 2687 beatus

377 2731 498 2774 nec
558 2709 772 2774 clarus
826 2732 948 2774 nec
1002 2714 1186 2774 tutus
1243 2710 1592 2794 quisquam
1647 2731 1787 2774 esse
1843 2710 2107 2775 omnino
2162 2714 2407 2794 potest.

279 2779 359 2845 15
510 2796 747 2880 Populi
784 2798 1045 2881 quidem
1073 2797 1355 2862 Romani
1391 2797 1629 2863 iudicia
1654 2798 1865 2861 multa
1892 2798 2085 2862 ambo
2112 2797 2410 2883 habetis3

289 2870 358 2919 36
380 2885 618 2969 quibus
673 2907 789 2949 vos
843 2907 978 2950 non
1033 2886 1195 2949 satis
1251 2886 1498 2950 moveri
1542 2886 1935 2969 permoleste
1981 2885 2138 2950 fero·
2234 2886 2407 2963 Quid
2434 2906 2488 2946 ³0

378 2973 595 3037 enim?
643 2973 1118 3057 gladiatoribus
1167 2974 1485 3039 clamores
1530 2974 2103 3038 innumerabilium
2146 2974 2406 3058 civium,

381 3060 580 3143 quid?
636 3060 864 3145 populi
914 3082 1139 3126 versus
1149 3112 1167 3145 ,
1223 3061 1423 3145 quid?
1513 3060 1786 3145 Pompei
1832 3066 2089 3127 statuae
2135 3063 2405 3146 plausus

379 3148 650 3231 infiniti,
732 3149 932 3232 quid?
1012 3149 1265 3215 duobus
1334 3149 1617 3214 tribunis
1682 3150 1769 3233 pl.
1780 3201 1796 3234 ,
1870 3150 1983 3234 qui
2046 3151 2235 3215 vobis
2302 3152 2406 3216 ad-

380 3239 742 3319 versantur,
786 3259 1098 3321 parumne
1143 3236 1305 3302 haec
1342 3237 1717 3322 significant
1751 3238 2223 3304 incredibiliter
2259 3261 2407 3304 con-

382 3323 772 3387 sentientem
803 3326 1032 3408 populi
1057 3324 1339 3389 Romani
1366 3326 1653 3391 universi
1678 3326 2131 3391 voluntatem?
2190 3326 2405 3403 Quid?
2432 3345 2479 3387 ³⁵

384 3406 865 3492 Apollinarium
919 3413 1220 3476 ludorum
1274 3414 1543 3495 plausus
1597 3414 1701 3478 vel
1756 3414 2137 3479 testimonia
2180 3416 2405 3499 potius

384 3497 454 3557 et
504 3496 744 3561 iudicia
795 3500 1022 3583 populi
1075 3497 1357 3563 Romani
1408 3523 1641 3584 parum
1695 3523 1936 3589 magna
1989 3502 2177 3568 vobis
2234 3503 2407 3568 vide-
