2550 3875
278 112 414 177 264
644 109 790 165 PRO
828 108 886 164 Ο.
923 108 1224 165 RABIRIO
1260 108 1600 166 POSTUMO
1638 110 1927 166 ORATIO.

218 251 254 314 7
276 273 406 338 hoc
432 273 698 356 malum,
729 271 895 336 mihi
925 270 1186 355 credite,
1213 271 1497 357 longius,
1526 295 1723 357 quam
1748 273 2019 357 putatis.
2075 272 2331 338 Poten-

189 342 258 390 16
279 361 539 426 tissimo
589 364 656 425 et
698 359 1112 425 nobilissimo
1160 360 1427 425 tribuno
1473 360 1560 444 pl.
1570 411 1589 444 ,
1641 360 1729 425 M.
1776 360 1994 426 Druso
2004 411 2022 445 ,
2070 383 2327 427 novam

277 448 350 514 in
395 452 766 533 equestrem
813 447 1106 513 ordinem
1158 449 1611 533 quaestionem
1654 448 1920 513 ferenti:
2014 447 2113 514 ‘SI
2152 467 2323 527 QUIS

279 554 370 602 on
408 555 556 600 REM
592 553 1036 600 mchNDAM
1070 553 1432 602 PEGUNJAM
1470 537 1824 602 CEPISSET'
1874 541 2098 622 aperte
2136 539 2326 623 equi-

278 628 380 690 tes
427 625 710 690 Romani
763 625 1170 690 restiterunt.
1263 625 1477 701 Quid?
1530 626 1659 690 hoc
1714 625 1910 702 licere
1955 626 2323 691 volebant?
2387 651 2423 692 5

274 711 578 792 Minime3
635 735 846 797 neque
900 713 1117 778 solum
1168 713 1296 777 hoc
1351 734 1558 798 genus
1602 714 1916 797 pecuniae
1962 714 2326 798 capiendae

276 805 496 886 turpe,
566 802 680 867 sed
746 801 948 866 etiam
1010 801 1336 865 nefarium
1401 823 1542 866 esse
1600 802 2110 868 arbitrabamur.
2184 803 2321 880 ⁸Ac

275 894 501 955 tamen
545 890 642 954 ita
686 890 1131 974 disputabant,
1179 911 1291 954 eos
1330 890 1539 954 teneri
1575 890 1833 975 legibus
1870 892 1952 956 iis
1989 893 2321 975 oportere,

277 979 391 1062 qui
437 1000 555 1043 suo
601 978 844 1043 iudicio
892 981 1112 1042 essent
1156 977 1343 1041 illam
1386 978 1835 1044 condicionem
1869 978 2044 1043 vitae
2084 979 2319 1044 secuti.

274 1064 581 1132 Delectat
644 1066 1090 1150 amplissimus
1156 1066 1444 1131 civitatis
1505 1067 1775 1152 gradus,
1830 1066 1990 1131 sella
2047 1067 2318 1136 curulis,
2350 1094 2411 1133 10

272 1153 450 1220 faces
459 1206 478 1238 ,
522 1155 826 1239 imperia,
871 1153 1274 1238 provinciae,
1320 1155 1705 1238 sacerdotia,
1756 1155 2092 1239 triumphi,
2137 1155 2317 1219 deni-

188 1263 254 1314 17
275 1264 400 1327 que
442 1244 664 1329 imago
701 1243 850 1327 ipsa
887 1243 968 1306 ad
1004 1242 1417 1328 posteritatis
1454 1243 1838 1308 memoriam
1872 1243 2164 1328 prodita3
2210 1247 2317 1307 est

275 1332 472 1397 simul
518 1332 719 1396 etiam
766 1330 1140 1395 sollicitudo
1189 1331 1410 1416 aliqua
1456 1334 1523 1394 et
1559 1332 1781 1417 legum
1816 1336 1885 1396 et
1920 1330 2317 1396 iudiciorum

159 1427 281 1496 (17)
293 1420 504 1484 maior
551 1419 816 1504 quidam
859 1423 1095 1484 metus.
1193 1417 1283 1484 eN
1286 1441 1359 1484 os
1401 1419 1534 1482 ista
1576 1441 1935 1503 numquam
1980 1423 2314 1503 contemp-

274 1506 504 1572 simus'
554 1507 681 1590 (ita
725 1506 900 1571 enim
946 1507 1429 1591 disputabant),
1486 1507 1623 1571 ‘sed
1668 1508 1837 1572 hanc
1882 1507 2090 1572 vitam
2136 1507 2311 1592 quie-
2344 1534 2399 1575 1⁵

273 1599 415 1660 tam
451 1599 649 1679 atque
689 1595 972 1662 otiosam
1002 1595 1209 1660 secuti
1239 1617 1492 1679 sumus3
1530 1617 1694 1679 quae
1726 1596 2035 1680 quoniam
2060 1595 2312 1660 honore

275 1687 473 1766 caret,
521 1687 740 1747 careat
780 1683 983 1748 etiam
1018 1683 1365 1748 molestia?
1441 1683 1627 1748 ‘Tam
1665 1705 1733 1749 es
1772 1688 1847 1748 tu
1883 1684 2079 1748 iudex
2112 1705 2313 1768 quam

273 1792 397 1857 ego
449 1769 814 1852 [senator].'
909 1770 1038 1835 ‘Ita
1084 1775 1203 1853 est,
1251 1772 1365 1836 sed
1401 1775 1479 1836 tu
1514 1771 1692 1836 istud
1728 1771 1977 1855 petisti,
2023 1793 2145 1857 ego
2182 1771 2311 1837 hoc

275 1879 493 1946 cogor.
596 1858 810 1935 Quare
876 1863 992 1923 aut
1053 1859 1254 1923 iudici
1317 1859 1481 1923 mihi
1544 1881 1681 1926 non
1742 1881 1884 1926 esse
1937 1860 2137 1925 liceat
2192 1864 2308 1930 aut,

189 1948 472 2013 181iceat
524 1949 672 2035 lege
729 1948 1062 2013 senatoria
1111 1970 1248 2013 non
1303 1947 1553 2014 teneri?
1635 1948 1800 2029 ,Hoc
1851 1970 1970 2014 vos
1979 1999 1997 2033 ,
2053 1948 2307 2032 equites
2336 1976 2395 2015 20

272 2036 581 2121 Romani,
631 2037 736 2101 ius
783 2059 823 2100 a
866 2036 1167 2120 patribus
1215 2041 1557 2121 acceptum
1602 2037 1968 2102 amittetis?
2051 2035 2309 2120 Mone0,

271 2146 353 2189 ne
419 2123 697 2189 faciatis
797 2123 1164 2208 Rapientur
1227 2124 1527 2189 homines
1591 2125 1663 2189 in
1717 2125 1880 2190 haec
1934 2123 2175 2188 iudicia
2230 2146 2309 2189 ex

274 2212 454 2276 omni
488 2234 624 2277 non
658 2212 852 2276 modo
890 2212 1154 2297 invidia,
1192 2214 1305 2276 sed
1343 2235 1638 2278 sermone
1666 2213 2142 2293 malivolorum,
2176 2211 2308 2277 nisi

273 2300 538 2365 cavetis,
615 2298 687 2365 Si
721 2300 857 2364 iam
890 2301 1078 2365 vobis
1113 2301 1531 2365 nuntiaretur
1567 2303 1638 2364 in
1675 2304 1908 2365 senatu
1946 2301 2306 2365 sententias

272 2388 429 2471 dici,
478 2392 556 2451 ut
597 2386 704 2452 his
749 2389 1008 2474 legibus
1056 2389 1467 2473 teneremini,
1515 2390 2027 2454 concurrendum
2074 2389 2155 2452 ad
2203 2410 2306 2455 cu-
2334 2416 2387 2456 25

270 2476 441 2540 riam
485 2477 839 2561 putaretis3
893 2477 951 2541 si
995 2476 1103 2541 lex
1151 2478 1225 2541 de
1273 2498 1348 2541 ea
1391 2499 1461 2541 re
1507 2475 1814 2561 ferretur,
1872 2476 2307 2543 convolaretis

272 2565 357 2629 ad
409 2568 644 2629 rostra.
734 2563 874 2629 Vos
929 2568 1192 2630 senatus
1238 2564 1484 2630 liberos
1528 2565 1653 2630 hac
1698 2565 1844 2651 lege
1891 2586 2033 2630 esse
2077 2564 2309 2649 voluit,

269 2653 554 2737 populus
588 2675 948 2738 numquam
985 2653 1305 2738 alligavit,
1346 2653 1548 2717 soluti
1583 2653 1713 2719 huc
1750 2653 2175 2737 convenistis;
2223 2674 2307 2717 ne

184 2753 252 2803 19
274 2742 618 2806 constricti
668 2741 1036 2820 discedatiS‚
1083 2745 1325 2806 cavete.
1402 2740 1595 2826 Nam,
1642 2742 1701 2805 si
1734 2741 2053 2807 Postumo
2090 2740 2309 2805 fraudi

270 2828 498 2913 fuerit,
554 2830 667 2914 qui
720 2851 842 2895 nec
886 2829 1191 2894 tribunus
1237 2852 1358 2894 nec
1402 2828 1771 2913 praefectus
1816 2851 1937 2894 nec
1984 2852 2063 2893 ex
2107 2828 2307 2893 Italia
2334 2857 2387 2897 so

272 2939 490 2983 comes
549 2939 670 2983 nec
723 2917 1072 2981 familiaris
1130 2916 1373 2982 Gabini
1425 2918 1582 3002 fuit,
1646 2939 1930 3002 quonam
1986 2938 2055 2981 se
2110 2918 2304 2983 modo

271 3003 618 3071 defendent
662 3005 958 3089 posthac,
1010 3006 1124 3089 qui
1168 3006 1374 3071 vestri
1421 3006 1665 3071 ordinis
1712 3028 1861 3071 cum
1906 3005 2306 3091 magistrati-

270 3093 396 3158 bus
440 3094 690 3158 nostris
737 3093 984 3159 fuerint
1027 3094 1134 3159 his
1182 3094 1395 3159 causis
1443 3094 1810 3177 implicati?

207 3182 251 3258 8
406 3180 573 3259 ‘Tu',
617 3182 853 3266 inquit,
900 3180 1295 3261 ‘Gabinium,
1336 3186 1413 3246 ut
1450 3203 1673 3267 regem
1707 3182 2062 3265 reduceret,
2098 3182 2304 3265 impu-

272 3267 454 3335 listi?
528 3267 684 3334 Non
727 3270 982 3353 patitur
1028 3292 1172 3333 mea
1216 3290 1323 3333 me
1358 3270 1493 3334 iam
1526 3270 1687 3335 fides
1725 3270 1803 3335 de
1843 3269 2123 3335 Gabinio
2161 3291 2302 3356 gra-
2328 3296 2381 3337 ³5

269 3357 416 3443 vius
459 3378 672 3442 agere.
748 3356 957 3433 Quem
995 3357 1168 3421 enim
1205 3380 1285 3422 ex
1321 3358 1526 3422 tantis
1564 3358 1931 3424 inimicitiis
1967 3362 2302 3442 receptum

270 3442 342 3507 in
384 3444 675 3528 gratiam
719 3466 975 3509 summo
1023 3446 1240 3510 studio
1290 3445 1713 3527 defenderim,
1764 3448 1939 3512 hunc
1984 3446 2301 3511 afflictum
