2550 3875
298 141 432 206 230
887 137 1030 194 PRO
1069 137 1184 194 CN.
1222 136 1537 194 PLANCIO
1576 137 1867 194 ORATIO.

299 303 516 388 solvit,
562 301 792 368 statim
836 324 972 368 non
1014 301 1219 367 habet
1262 301 1349 385 id,
1396 301 1571 385 quod
1607 301 1914 386 reddidit3
1962 301 2076 386 qui
2112 306 2341 367 autem

299 393 511 476 debet,
547 391 606 455 is
645 390 887 456 retinet
924 390 1236 476 alienum3
1273 390 1560 476 gratiam
1598 393 1821 454 autem
1848 394 1933 474 et,
1971 389 2083 475 qui
2110 389 2337 475 refert,

296 480 500 545 habet
545 483 640 563 et,
698 479 812 563 qui
854 478 1085 562 habet,
1140 478 1212 542 in
1257 500 1336 543 eo
1383 479 1529 562 ipso
1539 528 1558 562 ,
1613 478 1788 562 quod
1831 478 2063 563 habet,
2113 478 2339 543 refert.

297 567 528 653 Neque
575 588 698 653 ego
743 588 916 632 nunc
961 565 1231 632 Plancio
1278 566 1574 630 desinam
1619 566 1883 651 debere,
1933 566 1992 631 81
2034 566 2164 633 1100
2209 567 2339 632 sol-

295 677 480 739 vero,
532 676 654 720 nec
707 655 924 720 minus
980 654 1041 719 ei
1095 654 1432 720 redderem
1480 654 1822 721 voluntate
1868 655 2043 739 ipsa,
2100 655 2159 720 si
2204 655 2337 720 hoc
2392 671 2421 711 ⁵

212 759 279 808 69
301 743 642 809 molestiae
686 765 823 808 non
867 743 1232 808 accidisset.
1316 741 1591 819 Quaeris
1638 765 1678 806 a
1724 765 1855 826 me,
1911 741 2125 826 Cassi,
2177 743 2339 827 quid

297 854 424 933 pro
484 831 689 896 fratre
745 853 919 915 meo,
985 831 1097 915 qui
1151 830 1318 894 mihi
1372 834 1476 896 est
1532 831 1935 914 carissimae,
2001 793 2158 915 qui'd
2210 853 2336 915 pro

299 920 463 985 meis
508 919 753 1003 liberis,
807 919 1046 1004 quibus
1089 919 1258 983 nihil
1306 917 1470 983 mihi
1513 922 1739 1003 potest
1782 939 1926 984 esse
1970 918 2337 1005 iucundius,

300 1008 600 1094 amplius,
647 1029 846 1093 quam
893 1007 1066 1091 quod
1106 1028 1228 1091 pro
1265 1006 1538 1072 Plancio
1576 1006 1765 1091 faci0‚
1811 1006 2025 1072 facere
2062 1008 2337 1091 possim,

297 1118 419 1162 1100
464 1096 644 1160 vides
690 1096 972 1162 istorum
1016 1095 1314 1180 ipsorum
1360 1095 1637 1160 caritate
1684 1095 1767 1159 ad
1811 1095 2007 1160 huius
2048 1095 2327 1160 salutem
2364 1115 2419 1155 ιο

300 1184 769 1250 defendendam
796 1183 1078 1248 maxime
1108 1182 1439 1247 stimulari
1466 1205 1571 1248 me
1599 1187 1797 1267 atque
1821 1183 2111 1249 excitari.
2156 1182 2337 1248 Nam

296 1294 504 1358 neque
542 1273 676 1337 illis
712 1272 908 1337 huius
948 1273 1179 1356 salute,
1215 1294 1257 1336 a
1295 1293 1423 1355 quo
1457 1293 1671 1336 meam
1700 1272 1917 1337 sciunt
1944 1293 2087 1337 esse
2118 1271 2335 1336 defen-

300 1382 459 1445 sam,
487 1362 846 1462 quicquam
883 1364 986 1424 est
1023 1359 1337 1444 optatius,
1375 1363 1443 1425 et
1470 1381 1605 1461 ego
1620 1359 1763 1444 ipse
1789 1380 2151 1443 numquam
2178 1360 2333 1425 illos

301 1449 565 1533 aspicio,
613 1449 788 1550 quin,
835 1470 984 1513 cum
1027 1469 1148 1532 per
1188 1447 1365 1513 hunc
1410 1469 1515 1513 me
1560 1448 1644 1513 iis
1692 1452 2153 1513 conservatum
2188 1469 2332 1514 esse

299 1537 736 1620 meminerim,
778 1536 976 1600 huius
1023 1536 1334 1601 meritum
1379 1536 1450 1601 in
1496 1557 1599 1600 me
1644 1536 1964 1601 recorder.
2362 1552 2415 1594 ιε

435 1623 770 1708 Opimium
807 1625 1191 1689 damnatum
1223 1645 1367 1689 esse
1396 1644 1889 1708 commemoras,
1928 1627 2332 1689 servatorem

296 1711 2330 1885 iissffiussfflmpffissssssenfZissdssffissfflffgsssspssiffissdissgsse‘ss

297 1911 418 1974 pro
463 1888 735 1955 Plancio
780 1911 1025 1975 preces,
1075 1889 1250 1974 quod
1294 1910 1504 1975 neque
1552 1888 1852 1975 Opimius
1900 1910 2019 1955 suo
2064 1889 2328 1955 nomine

192 1974 276 2038 29
296 1978 617 2043 liberatus
665 1978 755 2043 sit
797 2000 1006 2063 neque
1051 1977 1307 2043 Metelli
1354 1976 1661 2044 Calidius.
1752 1977 1853 2043 De
1901 1976 2155 2043 Calidio
2202 1978 2328 2043 tibi
2356 1995 2411 2034 πο

299 2070 561 2131 tantum
607 2067 988 2168 respondeo,
1038 2066 1211 2151 quod
1255 2066 1397 2150 ipse
1443 2066 1595 2151 vidi,
1643 2065 1718 2143 Q.
1755 2064 2099 2131 Metellum
2136 2065 2329 2131 Pium

297 2155 635 2220 consulem
667 2155 1018 2239 praetoriis
1056 2154 1343 2220 comitiis
1381 2158 1646 2240 petente
1685 2154 1761 2231 Q.
1790 2152 2043 2221 Calidio
2080 2155 2327 2240 populo

297 2240 597 2307 Romano
663 2243 1093 2327 supplicasse,
1157 2264 1307 2307 cum
1367 2243 1627 2327 quidem
1680 2265 1817 2308 non
1871 2242 2207 2309 dubitaret
2260 2248 2327 2309 et

298 2330 527 2395 consul
600 2334 670 2395 et
737 2331 937 2396 homo
998 2331 1450 2396 nobilissimus
1512 2335 1868 2416 patronum
1929 2352 2073 2397 esse
2136 2332 2327 2396 illum

219 2434 494 2484 7081111111
530 2422 598 2483 et
634 2418 922 2484 familiae
957 2418 1406 2484 nobilissimae
1435 2419 1665 2485 dicere.
1735 2418 1880 2496 Quo
1907 2420 2055 2486 loco
2084 2441 2325 2504 quaero
2354 2435 2405 2476 2⁶

299 2527 379 2570 ex
433 2510 528 2588 te,
581 2529 740 2571 num
795 2507 862 2572 id
916 2507 987 2572 in
1039 2507 1282 2573 iudicio
1330 2506 1543 2574 Calidi
1590 2510 1813 2609 putes,
1869 2508 2040 2591 quod
2086 2528 2211 2594 ego
2257 2509 2329 2572 in

296 2558 528 2659 Planci
597 2594 797 2678 faci0,
869 2599 986 2659 aut
1048 2594 1392 2661 Metellum
1455 2595 1676 2676 Pium,
1750 2596 1807 2661 si
1870 2594 2118 2661 Romae
2182 2618 2327 2661 esse

294 2684 639 2767 potuisset,
677 2687 792 2748 aut
827 2687 1085 2767 patrem
1123 2684 1281 2768 eius,
1319 2684 1377 2748 si
1403 2683 1695 2767 vixisset,
1728 2705 1861 2750 non
1890 2682 2093 2749 fuisse
2119 2684 2327 2750 factu-

295 2792 458 2835 rum.
532 2770 708 2837 Nam
756 2770 981 2855 Opimi
1027 2772 1289 2855 quidem
1335 2734 1695 2837 calamitas
1712 2772 1969 2837 utinam
2004 2793 2084 2836 ex
2118 2772 2325 2837 homi-

292 2880 452 2924 num
488 2860 808 2924 memoria
842 2864 1088 2961 posset
1106 2860 1324 2925 evellii
1379 2860 1637 2925 Vulnus
1674 2860 1841 2925 illud
1876 2860 1974 2925 rei
2003 2861 2325 2945 publicae,
2350 2877 2403 2916 ³⁰

295 2947 572 3013 dedecus
616 2947 812 3013 huius
857 2948 1137 3033 imperii,
1182 2949 1526 3033 turpitudo
1570 2948 1801 3049 populi
1845 2948 2148 3033 Romani,
2190 2968 2327 3014 non

293 3032 608 3100 iudicium
659 3036 1024 3120 putandum
1079 3040 1198 3103 est.
1292 3037 1504 3114 Quam
1560 3037 1734 3103 enim
1787 3036 1889 3101 illi
1938 3036 2213 3121 iudices,
2268 3038 2325 3102 si

292 3121 540 3187 iudices
614 3127 683 3187 et
752 3145 888 3188 non
957 3125 1319 3208 parricidae
1389 3125 1643 3209 patriae
1705 3124 2087 3189 nominandi
2152 3130 2325 3209 sunt,

294 3210 664 3295 graviorem
725 3216 1084 3295 potuerunt
1145 3213 1242 3277 rei
1304 3213 1605 3297 publicae
1668 3213 1966 3315 infligere
2026 3213 2323 3297 securim,

297 3318 492 3379 quam
540 3320 688 3363 cum
731 3299 922 3363 illum
959 3322 994 3364 e
1032 3300 1300 3364 civitate
1338 3301 1683 3385 eiecerunt,
1730 3303 1844 3386 qui
1878 3305 2147 3386 praetor
2182 3302 2323 3366 fim-
2349 3318 2399 3359 ³⁵

296 3383 482 3468 timo,
527 3387 755 3450 consul
803 3387 1163 3452 domestico
1208 3387 1384 3453 bello
1421 3409 1561 3452 rem
1596 3388 1931 3472 publicam
1965 3389 2324 3454 liberarat?

199 3486 273 3533 ⁴11
298 3468 391 3533 At
445 3472 620 3535 0111111
671 3473 869 3538 11111118
917 3495 1040 3558 ego
1087 3495 1401 3560 magnum
1444 3475 1835 3542 beneficium
1879 3477 2107 3543 Planci
2152 3477 2323 3543 facio
