2550 3875
345 174 476 235 542
604 172 684 225 IN
721 172 795 227 M.
833 171 938 224 AN
941 170 1227 226 TONIUM
1264 170 1535 225 ORATIO
1573 170 1979 226 PHILIPPICA
2016 170 2167 226 XIII.

2534 270 2536 301 Ι

345 334 428 398 ad
480 326 753 417 mflites3
806 333 900 397 ibi
956 332 1266 416 pestifera
1320 334 1437 397 ina
1484 332 1712 396 Tiburi
1758 332 1995 419 contio.
2086 331 2251 397 Inde
2296 332 2377 396 ad
2534 334 2536 403 ι

344 421 575 486 urbem
631 442 883 505 cursus,
938 426 1202 486 senatus
1255 421 1327 487 in
1372 420 1795 504 Capitolium,
1850 423 2083 504 parata
2134 420 2215 485 de
2263 421 2381 485 cir·
2535 406 2536 463 ἶ

347 509 836 575 cumscribendo
901 510 1313 574 adulescente
1378 508 1703 573 sententia
1767 508 2154 586 consularis,
2232 529 2381 574 cum

345 601 612 681 repente
694 594 875 681 (nam
945 596 1254 663 Martiam
1328 597 1652 682 legionem
1725 596 1936 661 Albae
2008 596 2381 661 consedisse

346 682 622 771 sciebat)
671 684 960 750 adfertur
1004 685 1065 749 ei
1112 686 1188 751 de
1228 688 1463 769 quarta
1496 683 1784 750 nuntius.
1859 684 2002 761 Quo
2040 684 2383 768 perculsus
2436 704 2463 745 ε

347 773 589 839 abiecit
652 774 996 839 consilium
1058 772 1376 838 referendi
1441 774 1523 837 ad
1586 778 1884 838 senatum
1939 774 2020 837 de
2072 770 2387 856 Caesare3

348 882 649 948 egressus
695 866 799 927 est
841 883 974 927 non
1016 861 1160 941 viis,
1206 862 1319 926 sed
1365 861 1741 926 tramitibus
1789 861 2138 945 paludatus
2176 882 2383 944 eoque

347 951 491 1035 ipso
555 950 661 1015 die
722 949 1222 1015 innumerabilia
1285 952 1549 1014 senatus
1614 950 1913 1015 consulta
1964 948 2152 1033 fecit,
2220 970 2383 1033 quae

261 1059 329 1108 20
350 1039 610 1123 quidem
665 1038 883 1103 omnia
935 1037 1129 1103 citius
1183 1038 1403 1101 delata
1457 1058 1653 1120 quam
1707 1037 1953 1121 scripta
2005 1040 2180 1102 sunt.
2284 1036 2385 1101 Ex
2535 1088 2536 1109 2

349 1148 426 1191 eo
479 1148 616 1191 non
666 1126 820 1208 iter,
875 1122 988 1190 sed
1041 1146 1268 1191 cursus
1325 1129 1392 1189 et
1440 1125 1599 1211 fuga
1643 1125 1714 1189 in
1760 1124 2058 1189 Galliam.
2152 1122 2387 1191 Caesa-
2416 1144 2467 1182 ιο

348 1236 487 1280 rem
517 1214 699 1297 sequi
729 1212 1176 1278 arbitrabatur
1203 1234 1352 1277 cum
1378 1214 1635 1298 legione
1663 1212 1922 1297 Martia,
1952 1234 2101 1278 cum
2131 1217 2390 1297 quarta,
2535 1225 2536 1239 ¹

350 1324 499 1368 cum
562 1302 912 1384 veteranis,
977 1323 1254 1385 quorum
1308 1300 1420 1365 ille
1472 1322 1712 1366 nomen
1766 1323 1925 1385 prae
1976 1303 2162 1366 metu
2216 1300 2391 1366 ferre

349 1411 482 1456 non
524 1393 804 1474 poterat,
850 1389 1036 1473 eique
1081 1390 1152 1453 in
1189 1388 1474 1454 Galliam
1514 1389 1883 1473 penetranti
1920 1388 2000 1453 D.
2028 1410 2099 1454 se
2136 1388 2392 1453 Brutus

271 1528 276 1533 -
352 1477 620 1560 obiecit,
675 1477 788 1561 qui
845 1498 912 1541 se
967 1478 1174 1543 totius
1231 1478 1391 1541 belli
1444 1477 1752 1542 fluctibus
1809 1476 2139 1543 circumiri
2191 1498 2393 1561 quam

349 1567 538 1630 illum
602 1569 716 1629 aut
781 1565 1036 1651 regredi
1100 1569 1214 1629 aut
1253 1563 1588 1650 'progredi
1643 1565 1877 1629 maluit
1930 1564 2392 1650 Mutinamque
2422 1583 2470 1622 1⁵

350 1653 450 1737 illi
507 1654 827 1719 exultanti
884 1656 1220 1738 tamquam
1271 1652 1493 1718 frenos
1548 1652 1787 1718 furoris
1839 1653 2080 1719 iniecit.
2176 1652 2427 1741 Quam·
2535 1734 2536 1743 ἵ

353 1762 500 1807 011111
574 1742 878 1825 operibus
953 1741 1555 1825 munitionibusque
1629 1741 1983 1824 saepsisset
2052 1762 2176 1806 nec
2242 1763 2397 1805 eum

353 1830 644 1895 coloniae
707 1830 1206 1895 florentissimae
1272 1830 1560 1914 dignitas
1615 1850 1824 1913 neque
1881 1827 2171 1895 consulis
2229 1829 2399 1895 desi-

353 1918 537 2005 gnati
583 1918 891 1983 maiestas
940 1940 979 1982 a
1022 1916 1373 2003 parricidio
1410 1918 1780 2001 deterreret,
1826 1920 1969 1982 tum
2004 1939 2109 1982 me
2150 1912 2399 2003 (testor
2534 1892 2536 1982 l

353 2011 421 2072 et
465 2027 580 2072 vos
629 2011 698 2071 et
740 2006 1057 2090 populum
1103 2005 1474 2071 Romanum
1510 2010 1578 2070 et
1616 2007 1825 2071 omnis
1862 2006 2037 2090 deoS‚
2085 2005 2201 2089 qui
2237 2006 2397 2070 huic
2424 2025 2473 2064 1ο

352 2095 500 2158 urbi
547 2091 946 2180 praesident)
994 2095 1201 2159 invito
1241 2098 1309 2158 et
1345 2098 1749 2179 repugnante
1786 2093 1992 2178 legati
2029 2093 2218 2159 missi
2254 2097 2399 2158 tres

264 2202 331 2251 21
355 2182 726 2247 consulares
764 2181 847 2246 ad
883 2183 1214 2247 latronum
1251 2182 1684 2268 gladiatorem
1730 2180 1973 2246 ducem.
2051 2181 2217 2258 Quis
2252 2186 2399 2247 tam

351 2269 670 2335 barbarus
733 2291 1071 2355 umquam,
1135 2274 1273 2334 tam
1329 2270 1658 2354 immanis,
1722 2273 1861 2334 tam
1914 2268 2136 2334 ferus?
2239 2268 2400 2335 Non

354 2356 630 2439 audivit,
692 2378 827 2422 non
881 2359 1244 2442 respondit,
1296 2379 1506 2442 neque
1560 2379 1671 2423 eos
1728 2359 1941 2423 solum
1994 2361 2397 2442 praesentes,

355 2445 467 2512 sed
505 2444 714 2508 multo
753 2444 962 2530 magis
999 2467 1138 2528 nos,
1185 2468 1224 2510 a
1261 2446 1498 2530 quibus
1534 2446 1635 2509 illi
1672 2450 1861 2510 erant
1896 2445 2099 2530 missi,
2142 2446 2397 2530 sprevit
2424 2465 2471 2505 2⁵

353 2536 422 2598 et
464 2554 584 2617 pro
630 2532 838 2597 nihilo
884 2534 1160 2616 putavit.
1253 2533 1493 2598 Postea
1539 2534 1711 2617 quod
1750 2534 1979 2618 scelus,
2027 2535 2201 2618 quod
2238 2533 2398 2599 faci-

351 2643 476 2687 nus
513 2619 839 2773 parricida
873 2621 1235 2773 nain-§didit
1246 2622 1292 2723 ⁴?-
1337 2620 1781 2773 Qircumqedet
1815 2622 2085 2772 colonosl
2106 2626 2397 2775 nostlros‚

354 2731 567 2774 exerci
600 2729 712 2773 um
751 2730 928 2792 popu
955 2732 978 2771 1
1079 2731 1315 2793 omam,
1361 2731 1610 2793 1mpera
1644 2730 1823 2774 orem
1860 2730 2060 2774 consu
2088 2731 2192 2774 em
2274 2731 2396 2776 esl-

353 2800 647 2883 gnatum‚
685 2817 880 2883 agros
910 2796 1170 2862 divexat
1198 2797 1437 2862 civium
1467 2798 1881 2881 optimorum,
1912 2796 2125 2862 hostis
2154 2801 2395 2863 taeter*

353 2885 558 2950 rimus
623 2885 924 2950 omnibus
989 2885 1180 2950 bonis
1235 2907 1456 2950 cruces
1513 2907 1588 2951 ac
1642 2889 1972 2950 tormenta
2026 2885 2392 2951 minitatur.
2420 2907 2469 2948 so

251 2973 335 3038 10
355 2972 520 3039 Cum
565 2972 718 3056 hoc,
764 2972 850 3037 M.
889 2971 1149 3057 Lepide,
1193 2995 1323 3058 pax
1369 2995 1509 3038 esse
1557 2995 1721 3056 quae
1767 2973 2032 3057 potest?
2080 2973 2265 3039 cuius
2310 2996 2395 3040 ne

355 3061 676 3214 {ipplicio
743 3061 1003 3145 quidem
1065 3061 1200 3127 ullo
1268 3060 1496 3126 satiari
1548 3061 1807 3126 videtur
1860 3081 2052 3145 posse
2106 3062 2393 3146 populus

419 3170 709 3214 omanus.

198 3218 346 3304 (10)
493 3235 740 3312 Quodsi
777 3236 923 3320 quis
954 3237 1253 3301 dubitare
1284 3237 1492 3301 adhuc
1520 3236 1759 3320 potuit,
1797 3236 1957 3320 quin
1981 3235 2167 3300 nulla
2192 3237 2393 3301 socie-

267 3309 335 3356 22
359 3327 464 3386 tas
518 3323 672 3388 huic
721 3324 932 3388 ordini
978 3324 1352 3407 populoque
1398 3324 1695 3389 Romano
1744 3346 1892 3390 cum
1936 3324 2055 3388 illa
2096 3323 2392 3407 inportu·
2417 3348 2464 3389 ⁸⁶

358 3409 634 3472 nissima
686 3410 882 3474 belua
934 3415 1160 3493 posset
1215 3431 1384 3493 esse,
1440 3411 1694 3476 desinet
1746 3410 2043 3496 profecto
2091 3411 2389 3477 dubitare

362 3494 463 3557 his
513 3495 795 3579 cognitis
843 3496 1103 3581 litteris,
1150 3518 1311 3581 quas
1358 3498 1521 3561 mihi
1568 3499 1805 3564 missas
1850 3499 1934 3565 ab
1973 3497 2195 3564 Hirtio
2242 3519 2391 3564 con-
