2550 3875
409 169 544 234 460
669 169 750 223 IN
785 165 861 221 M.
899 164 1296 220 ANTONIUM
1331 165 1603 220 ORATIO
1640 164 2049 220 PHILIPPICA
2086 164 2183 220 VI.

412 352 560 396 cum
604 331 731 395 hoc
778 327 1144 414 gladiatore
1190 327 1619 412 condicionis,
1669 328 2048 412 aequitatis,
2093 327 2468 414 legationis

360 439 392 486 4
412 440 555 483 esse
604 416 1084 482 communitas?
1178 414 1609 500 Quamquam,
1657 414 1964 499 Quirites,
2008 437 2145 480 non
2189 420 2305 480 est
2349 415 2466 480 illa

409 505 685 590 legatiO,
732 505 846 570 sed
891 504 1300 569 denuntiatio
1347 504 1532 588 belli,
1580 504 1710 570 nisi
1756 504 2076 588 paruerit3
2130 504 2234 568 ita
2285 504 2466 568 enim

411 599 514 658 est
560 595 910 676 decretum,
955 596 1033 657 ut
1075 593 1132 657 si
1158 592 1374 693 ‘legati
1412 593 1493 656 ad
1529 590 1969 658 Hannibalem
2005 593 2464 660 mitterentur.

410 682 773 746 Mittuntur
818 680 1017 759 enim,
1065 681 1179 763 qui
1221 680 1555 763 nuntient,
1598 702 1681 745 ne
1727 684 2066 766 oppugnet
2111 681 2464 747 consulem
2509 697 2529 736 ⁵

410 770 855 855 designatum,
899 791 981 833 ne
1027 768 1358 832 Mutinam
1405 768 1720 852 obsideat,
1765 790 1846 833 ne
1893 768 2312 852 provinciam
2362 769 2465 832 de-

408 858 779 942 populetur,
814 879 897 922 ne
934 856 1211 922 dilectus
1248 857 1511 940 habeat,
1558 857 1646 920 sit
1682 857 1752 921 in
1789 860 2054 924 senatus
2091 856 2462 941 populique

409 947 693 1013 Romani
764 948 1112 1030 potestate.
1220 943 1442 1010 Facile
1516 967 1670 1010 vero
1744 945 1899 1010 huic
1967 945 2462 1012 denuntiationi

408 1034 695 1118 parebit,
749 1038 826 1098 ut
869 1033 942 1097 in
985 1037 1251 1117 patrum
1298 1033 1820 1116 conscriptorum
1866 1037 2066 1116 atque
2110 1033 2182 1098 in
2227 1037 2462 1098 vestra

408 1125 739 1207 potestate
787 1121 893 1205 sit,
942 1120 1054 1204 qui
1095 1121 1165 1184 in
1204 1142 1324 1185 sua
1357 1143 1716 1205 numquam
1752 1121 1978 1185 fuerit!
2064 1120 2240 1199 Quid
2280 1121 2460 1186 enim
2483 1139 2519 1178 1⁰

408 1211 521 1276 ille
576 1231 889 1294 umquam
945 1209 1221 1273 arbitrio
1278 1231 1398 1274 suo
1454 1209 1659 1274 fecit?
1753 1208 2023 1293 Semper
2068 1231 2146 1274 eo
2195 1213 2458 1274 tractus

410 1303 542 1383 est,
598 1320 727 1382 quo
782 1297 987 1362 libido
1044 1297 1291 1381 rapuit,
1361 1319 1490 1381 quo
1546 1297 1809 1374 levitas,
1866 1319 1995 1381 quo
2049 1296 2268 1380 furor,
2330 1319 2458 1381 quo

406 1386 798 1470 vinulentia3
854 1407 1109 1468 semper
1164 1407 1314 1451 eum
1369 1385 1497 1450 duo
1552 1385 1899 1452 dissimilia
1944 1406 2186 1471 genera
2233 1390 2460 1450 tenue-

407 1478 592 1557 runt,
656 1474 963 1538 lenonum
1030 1478 1097 1538 et
1159 1473 1521 1558 latronum3
1583 1474 1680 1538 ita
1739 1473 2115 1540 domesticis
2183 1474 2456 1558 stupris,

409 1561 781 1627 forensibus
824 1561 1193 1645 parricidiis
1231 1562 1613 1644 delectatur,
1657 1565 1733 1626 ut
1771 1561 2030 1627 mulieri
2068 1561 2270 1628 citius
2311 1577 2512 1627 ava-1⁵

409 1650 708 1716 rissimae
774 1649 1066 1732 paruerit
1132 1671 1328 1734 quam
1393 1650 1648 1714 senatui
1702 1651 2076 1734 populoque
2129 1649 2456 1716 Romano,

357 1737 670 1831 5Itaque,
728 1737 900 1821 quod
945 1738 1142 1821 paulo
1192 1741 1344 1802 ante
1388 1737 1515 1805 feci
1559 1737 1631 1803 in
1677 1742 1935 1817 senatu,
1991 1737 2232 1802 faciam
2281 1739 2454 1822 apud

409 1847 544 1892 vos.
636 1825 998 1903 Testificor,
1045 1825 1378 1910 denuntio,
1424 1830 1576 1890 ante
1621 1826 1926 1909 praedico
1970 1825 2138 1890 nihil
2184 1825 2276 1891 M.
2325 1825 2454 1892 An-

408 1914 666 1980 tonium
713 1936 967 1999 eorum,
1019 1935 1184 1998 quae
1233 1917 1388 1978 sunt
1433 1913 1672 2000 legatis
1720 1915 2076 1997 mandata,
2101 1913 2454 1999 facturum,

406 2007 821 2068 vastaturum
864 2024 1077 2089 agros,
1122 2001 1452 2067 Mutinam
1489 2004 1929 2087 obsessurum,
1974 1965 2274 2087 dilectus,
2327 2024 2452 2088 qua
2474 2020 2512 2060 20

408 2092 639 2175 possit,
683 2091 1084 2157 habiturum.
1164 2089 1231 2155 Is
1278 2095 1383 2154 est
1429 2091 1604 2155 enim
1649 2090 1780 2176 ille,
1826 2091 1938 2175 qui
1975 2112 2233 2175 semper
2269 2112 2452 2157 sena-

408 2183 518 2244 tus
615 2179 927 2244 iudicium
1000 2184 1068 2243 et
1141 2178 1631 2263 auctoritatem,
1713 2200 1969 2263 semper
2036 2179 2452 2247 voluntatem

407 2271 698 2331 vestram
734 2270 1260 2350 potestatemque
1299 2267 1783 2350 contempserit.
1849 2266 1958 2331 An
1993 2267 2105 2331 ille
2135 2267 2202 2331 id
2229 2266 2449 2352 faciat,

412 2355 585 2438 quod
648 2354 845 2437 paulo
911 2359 1063 2419 ante
1127 2354 1460 2421 decretum
1524 2358 1652 2439 est,
1715 2359 1793 2419 ut
1857 2355 2218 2419 exercitum
2281 2357 2446 2421 citra

408 2442 653 2506 flumen
686 2441 1111 2542 Rubiconem,
1150 2443 1263 2525 qui
1299 2443 1449 2509 finis
1489 2447 1592 2509 est
1625 2442 1898 2525 Galliae,
1935 2443 2258 2527 educeret,
2293 2444 2442 2511 dum
2465 2460 2500 2501 ὕ

407 2530 1110 2684 '311113131333333251
1145 2529 1754 2703 {iffsseffififissa
1767 2531 2441 2689 ἕᾎΐήῖἀὲἕέἲᾷῗὲἷ

408 2711 468 2769 et
545 2705 840 2773 ducentis
914 2707 1180 2773 milibus
1255 2707 1822 2791 circumscriptum
1895 2728 2036 2773 esse
2108 2708 2438 2791 patiatur?

356 2806 388 2853 6
408 2792 564 2858 Non
609 2794 667 2857 is
716 2798 818 2858 est
852 2794 1210 2879 Antonius;
1253 2816 1428 2877 nam,
1475 2795 1533 2860 si
1577 2799 1766 2879 esset,
1810 2817 1946 2861 non
1991 2796 2437 2875 commisisset,

407 2884 484 2947 ut
538 2882 598 2947 ei
655 2886 919 2947 senatus
975 2887 1315 2965 tamquam
1359 2881 1718 2949 Hannibali
1773 2883 1964 2948 initio
2013 2883 2173 2947 belli
2217 2883 2434 2949 Punic-i
2457 2900 2494 2941 κ

409 2970 849 3049 denuntiaret,
911 2993 992 3035 ne
1059 2975 1473 3056 oppugnaret
1539 2970 1924 3056 Saguntum.
2040 2971 2229 3047 Quod
2291 2994 2434 3039 vero

407 3057 507 3121 ita
552 3062 864 3123 avocatur
909 3081 949 3123 a
984 3057 1262 3142 Mutina,
1308 3062 1385 3123 ut
1431 3059 1518 3125 ah
1559 3060 1722 3123 urbe
1761 3062 2099 3143 tamquam
2133 3059 2434 3143 pestifera

408 3145 675 3211 flamma
720 3150 1036 3228 arceatur,
1084 3168 1281 3229 quam
1325 3146 1531 3211 habet
1575 3147 2029 3232 ignominiam,
2076 3148 2250 3231 quod
2285 3149 2432 3214 iudi·
2534 3202 2535 3205 ¹

408 3232 583 3297 cium
630 3235 922 3305 senatus!
1017 3233 1232 3309 Quid?
1282 3236 1456 3317 quod
1502 3257 1541 3297 a
1578 3239 1812 3301 senatu
1857 3236 2095 3299 dantur
2139 3237 2432 3301 mandata

406 3320 675 3403 legatis,
730 3324 807 3386 ut
850 3320 930 3384 D.
981 3320 1263 3386 Brutum
1319 3321 1692 3406 militesque
1749 3323 1888 3387 eius
1945 3323 2182 3389 adeant
2235 3323 2428 3407 iisque
2451 3342 2492 3381 τό

409 3406 861 3473 demonstrent
901 3429 1154 3473 summa
1191 3408 1261 3471 in
1298 3430 1438 3472 rem
1473 3410 1807 3492 publicam
1845 3411 2083 3477 merita
2108 3411 2428 3479 beneficia·

410 3512 534 3570 que
573 3515 798 3558 eorum
830 3500 1023 3577 grata
1052 3516 1193 3559 esse
1224 3497 1479 3559 senatui
1506 3499 1882 3582 populoque
1910 3497 2254 3564 Romano
2235 3500 2426 3582 iisque
