2550 3875
777 163 932 219 cAP
971 170 1100 219 32-
1113 171 1183 220 34
1219 171 1251 231 ς
1292 171 1521 222 ‘es—se.
2028 167 2164 232 235

24 347 28 384 ι
120 347 291 408 quae
335 347 533 409 porro
581 325 876 391 amicitia
918 330 1145 411 potest
1181 349 1324 392 esse
1360 327 1535 392 inter
1569 326 1915 414 ingratos?
1999 327 2161 404 Quis
2180 339 2249 388 81

24 453 26 458 ·
119 423 228 479 est
275 417 580 480 nostrum
623 413 989 479 liberaliter
1033 415 1373 499 educatus,
1431 415 1537 481 cui
1579 437 1716 481 non
1762 416 2163 501 educatores,

21 523 30 564 ι
121 501 231 566 cui
282 523 418 567 non
470 501 778 588 magistri
833 502 936 566 sui
991 506 1189 588 atque
1245 504 1577 587 doctores,
1634 503 1740 569 cui
1792 525 1929 569 non
1976 504 2162 570 locus

21 593 30 652 ³.
119 590 265 674 ipse
309 594 532 655 mutus
577 590 709 675 ille,
754 591 870 655 ubi
915 590 1116 656 alitus
1164 594 1281 656 aut
1326 592 1557 657 doctus
1605 596 1727 677 est,
1773 613 1923 656 cum
1969 596 2165 677 grata

22 702 88 742 5
121 678 576 743 recordatione
629 678 702 742 in
753 682 973 744 mente
1027 679 1372 744 versetur?
1464 677 1667 746 Cuius
1723 701 1881 780 opes
1936 683 2162 744 tantae

23 793 25 828 :
119 787 267 832 esse
321 761 600 850 possunt
650 771 768 831 aut
811 788 1126 851 umquam
1170 767 1468 852 fuerunt,
1522 788 1689 852 quae
1735 769 1878 832 sine
1924 769 2161 833 multo-

22 883 25 918 ι
116 876 270 918 rum
317 855 680 919 amicorum
726 855 963 920 officiis
1011 857 1187 920 stare
1232 855 1539 939 possint?
1587 877 1752 940 quae
1799 859 1974 921 certe
2012 856 2161 920 sub-

26 969 28 976 ·
115 943 263 1007 lata
314 942 630 1008 memoria
684 947 754 1008 et
808 943 1026 1029 gratia
1072 943 1259 1009 nulla
1304 946 1527 1009 extare
1571 947 1868 1028 possunt.
1959 943 2161 1028 Equi-

119 1031 273 1095 dem
315 1030 485 1096 nihil
529 1034 670 1096 tam
716 1032 1058 1116 proprium
1101 1031 1391 1097 hominis
1438 1031 1745 1097 existimo
1794 1053 1992 1116 quam
2025 1053 2162 1097 non

19 1141 88 1188 710
119 1119 319 1183 modo
363 1119 699 1204 beneficio,
745 1120 860 1184 sed
905 1120 1107 1186 etiam
1153 1119 1635 1185 benivolentiae
1677 1119 2160 1204 significatione

19 1240 28 1279 ·,
116 1207 409 1293 alligari,
471 1207 639 1272 nihil
697 1229 894 1292 porro
963 1213 1104 1272 tam
1159 1207 1618 1291 inhumanum,
1682 1210 1823 1272 tam
1876 1208 2157 1291 inmane,

115 1300 264 1359 tam
309 1294 524 1360 ferum
568 1316 768 1379 quam
814 1297 1245 1380 committere,
1290 1300 1369 1360 ut
1412 1296 1731 1361 beneficio
1772 1317 1909 1360 non
1944 1295 2158 1360 dicam

22 1417 23 1422 ι
113 1383 450 1469 indignus,
495 1383 609 1448 sed
655 1384 866 1449 victus
913 1404 1058 1448 esse
1093 1384 1371 1449 videare.
1465 1382 1646 1460 Quae
1684 1406 1833 1449 cum
1868 1383 1967 1448 ita
2005 1383 2157 1466 sint,
2178 1395 2246 1442 82

18 1509 22 1546 ,»
114 1473 256 1536 iam
313 1471 760 1556 succumbam,
812 1471 1217 1556 LaterensiS,
1270 1472 1391 1537 isti
1444 1475 1561 1538 tuo
1618 1471 1877 1537 crimini
1923 1492 2155 1555 meque

17 1587 84 1636 :15
115 1561 194 1624 in
239 1580 316 1623 eo
361 1558 527 1643 ipso,
570 1559 643 1623 in
689 1581 817 1643 quo
857 1560 1026 1624 nihil
1062 1564 1286 1645 potest
1323 1581 1467 1625 esse
1502 1560 1801 1645 nimium,
1847 1559 2159 1643 quoniam

114 1649 220 1711 ita
266 1651 344 1710 tu
378 1647 497 1731 vis,
539 1647 818 1712 nimium
867 1649 1184 1733 [gratum]
1235 1670 1380 1714 esse
1419 1649 1772 1714 concedam
1805 1652 2157 1732 petamque

117 1759 163 1800 a
197 1734 408 1818 vobis,
443 1734 706 1820 iudices,
742 1739 822 1800 ut
857 1758 1008 1801 eum
1043 1737 1361 1802 beneficio
1400 1736 1923 1820 conplectamini,
1961 1757 2159 1820 quem

118 1822 241 1906 qui
268 1822 700 1908 reprehendit,
731 1822 804 1888 in
830 1846 907 1889 eo
935 1825 1369 1909 reprehendit,
1399 1825 1574 1909 quod
1602 1828 1869 1910 gratum
1894 1828 2159 1908 praeter

16 1954 28 1995 f
116 1910 391 1977 modum
427 1910 604 1977 dicat
640 1933 799 1978 esse.
879 1911 1112 1998 Neque
1150 1913 1325 1978 enim
1360 1913 1526 1978 illud
1562 1913 1646 1979 ad
1680 1912 2156 1999 neglegendam

21 2030 87 2081 20
117 2022 340 2066 meam
385 2000 671 2086 gratiam
715 2002 909 2067 debet
953 2002 1189 2086 valere,
1237 2002 1413 2086 quod
1449 2001 1617 2066 dixit
1654 2001 1845 2085 idem,
1882 2022 2000 2065 vos
2035 2022 2157 2066 nec

111 2088 418 2156 nocentis
461 2110 584 2154 nec
628 2089 962 2175 litigiosos
1009 2111 1180 2174 esse,
1227 2112 1364 2191 quo
1406 2090 1623 2154 minus
1670 2112 1775 2153 me
1822 2088 1994 2173 apud
2038 2110 2155 2154 vos

112 2178 336 2243 valere
402 2181 758 2278 oporteret.
857 2177 1060 2254 Quasi
1124 2199 1278 2243 vero
1345 2178 1415 2242 in
1474 2178 1769 2242 amicitia
1822 2198 1969 2242 mea
2022 2198 2157 2242 non

111 2267 282 2330 haec
316 2265 661 2349 praesidia,
699 2265 758 2330 si
795 2287 962 2350 quae
994 2266 1168 2331 forte
1197 2265 1397 2330 sunt
1378 2288 1451 2330 m
1476 2287 1601 2350 me,
1636 2269 1870 2350 parata
1897 2287 2155 2350 semper

16 2398 24 2437 ξ
114 2353 352 2419 amicis
407 2374 549 2419 esse
606 2354 950 2419 maluerim
1000 2376 1198 2438 quam
1239 2354 1627 2419 necessaria.
1716 2352 1986 2418 Etenim
2032 2375 2155 2440 ego

16 2467 84 2511 25
116 2443 202 2506 de
239 2462 344 2505 me
381 2444 643 2506 tantum
681 2442 884 2507 audeo
921 2441 1153 2526 dicere,
1191 2442 1553 2506 amicitiam
1583 2463 1800 2506 meam
1826 2442 2156 2525 voluptati

16 2558 22 2615 τι
112 2528 422 2615 pluribus
487 2550 686 2613 quam
747 2530 1090 2631 praesidio·
1138 2530 1373 2614 fuisse,
1439 2551 1673 2614 meque
1735 2529 2156 2595 vehementer

16 2668 18 2673 .
111 2619 296 2682 vitae
353 2639 536 2683 meae
570 2618 982 2719 paeniteret,
1036 2618 1096 2682 si
1147 2618 1220 2682 in
1271 2639 1421 2682 mea
1468 2617 1923 2683 familiaritate
1968 2618 2153 2682 locus

113 2710 298 2771 esset
340 2705 590 2770 nemim
632 2705 764 2771 nisi
808 2706 1107 2791 litigioso
1155 2709 1272 2770 aut
1317 2705 1597 2771 nocenti.
2174 2758 2263 2821 34

16 2846 18 2849 >
259 2792 387 2859 Sed
429 2793 594 2860 haec
635 2793 858 2859 nescio
907 2815 1034 2877 quo
1082 2794 1276 2859 modo
1324 2794 1702 2878 frequenter
1745 2793 1818 2858 in
1862 2815 1966 2857 me
2005 2815 2153 2858 con·
2174 2850 2243 2897 33

16 2911 82 2953 eo
114 2881 396 2969 gessisti
431 2903 713 2966 saneque
750 2882 821 2947 in
855 2904 932 2947 eo
973 2882 1198 2947 creber
1229 2881 1439 2966 fuisti,
1475 2885 1543 2946 te
1578 2881 1879 2947 idcirco
1860 2903 1931 2945 ιιι
1962 2881 2152 2946 ludos

113 2990 388 3037 causam
443 2971 736 3036 conicere
788 2969 1106 3055 noluisse,
1167 2992 1251 3035 ne
1307 2991 1430 3056 ego
1486 2991 1633 3035 mea
1686 2967 2154 3033 consuetudine

111 3058 371 3143 aliquid
425 3059 504 3123 de
558 3058 764 3123 tensis
821 3058 1305 3124 misericordiae
1361 3078 1559 3123 causa
1612 3057 1922 3139 dicerem,
1980 3057 2155 3140 quod

109 3149 192 3212 ιιι
235 3146 386 3211 aliis
433 3146 750 3212 aedilibus
798 3150 950 3211 ante
986 3145 1308 3211 fecissem.
1398 3144 1553 3211 Non
1586 3145 1755 3210 nihil
1792 3143 1992 3229 egisti
2025 3145 2157 3209 hoc

111 3237 296 3319 loeo3
339 3256 496 3299 nam
543 3234 706 3299 mihi
751 3234 1054 3318 eripuisti
1101 3238 1559 3299 ornamentum
1596 3232 1915 3298 orationis
1954 3254 2155 3297 meae.

15 3350 80 3393 ss
116 3321 502 3407 Deridebor,
555 3322 614 3387 si
659 3323 1060 3387 mentionem
1105 3326 1443 3387 tensarum
1487 3320 1724 3403 fecero,
1770 3342 1919 3385 cum
1965 3324 2041 3385 tu
2086 3321 2156 3385 id

111 3411 546 3497 praedixeris3
619 3410 760 3475 sine
821 3410 1028 3475 tensis
1092 3414 1318 3475 autem
1379 3409 1538 3493 quid
1598 3412 1831 3493 potero
1896 3409 2155 3474 dicere?

111 3498 249 3564 Hic
294 3498 498 3563 etiam
543 3497 853 3563 addidisti
898 3519 1004 3561 me
1049 3497 1295 3563 idcirco
1341 3518 1488 3561 mea
1530 3497 1677 3582 lege
1714 3497 1911 3562 exilio
1952 3498 2156 3562 ambi-
