2550 3875
832 158 985 214 GAP.
1024 165 1161 214 6—8
1201 166 1231 226 ς
1271 165 1496 216 18—25.
2051 161 2184 225 473

136 325 219 389 ad
267 325 647 388 libertatem
693 322 1198 404 recuperandam
1238 322 1706 407 excitaverunt,
1753 341 1982 405 armas
2003 343 2180 408 saga,

134 413 388 476 bellum
432 411 922 496 flagitaverunt,
969 431 1073 474 me
1117 432 1249 474 una
1296 432 1444 475 cum
1490 412 1732 494 populo
1771 409 2070 474 Romano
2109 411 2180 474 in

138 501 514 565 contionem
567 502 989 581 vocaverunt,
1044 498 1114 561 hi
1169 498 1534 563 Antonium
1589 499 1868 585 diligent
1914 503 1980 564 et
2028 521 2176 563 cum

132 589 241 652 his
287 609 517 671 pacem
564 586 852 650 servabit
890 585 1265 651 Antonius?
1347 584 1522 650 Nam
1560 588 1714 670 quid
1752 607 1873 673 ego
1913 587 1990 651 de
2027 588 2164 652 uni-
2189 599 2259 646 22

73 702 105 742 5
137 697 329 740 verso
391 675 635 759 populo
699 673 997 739 Romano
1063 673 1319 738 dicam?
1375 675 1487 758 qui
1550 676 1745 758 pleno
1807 697 1882 740 ac
1928 674 2172 739 referto

136 764 285 828 foro
358 763 463 828 bis
537 784 641 826 me
704 784 835 825 una
899 765 1116 827 mente
1182 766 1379 845 atque
1442 784 1599 826 voce
1664 763 1735 827 in
1800 762 2174 827 contionem

134 851 400 917 vocavit
437 851 917 934 declaravitque
957 850 1310 914 maximam
1341 850 1670 914 libertatis
1700 851 2174 934 recuperandae

138 939 586 1024 cupiditatem.
710 938 941 1023 Itaque
1025 943 1167 1003 erat
1251 938 1540 1021 optabile
1617 942 1837 1022 antea,
1917 942 1993 1002 ut
2064 961 2175 1022 po·

136 1029 372 1112 pulum
417 1026 788 1092 Romanum
836 1027 1143 1091 comitem
1186 1027 1597 1109 haberemuS,
1641 1048 1815 1091 nunc
1859 1026 2174 1090 habemus

56 1141 111 1181 ιο
139 1117 393 1180 ducem.
495 1114 675 1191 Quae
732 1120 834 1178 est
886 1114 1093 1198 igitur
1139 1135 1316 1199 spes,
1375 1114 1487 1198 qui
1534 1113 1860 1178 Mutinam
1906 1115 2175 1178 circum-

141 1205 399 1286 sedent,
481 1204 943 1286 imperatorem
1024 1203 1249 1286 populi
1339 1202 1618 1267 Romani
1693 1203 2175 1286 exercitumque

142 1295 548 1377 oppugnant,
584 1290 667 1354 iis
704 1311 930 1373 pacem
968 1313 1116 1355 cum
1152 1291 1395 1374 populo
1434 1290 1730 1355 Romano
1770 1311 1910 1354 esse
1939 1288 2176 1374 posse?

139 1380 254 1444 An
317 1400 465 1444 cum
528 1378 914 1461 municipiis
964 1401 1092 1462 pax
1155 1379 1309 1462 erit,
1374 1400 1652 1462 quorum
1715 1382 1904 1442 tanta
1959 1377 2175 1442 studia
2195 1392 2266 1440 23

142 1472 633 1552 cognoscuntur
685 1466 756 1529 in
810 1467 1087 1531 decretis
1143 1466 1486 1550 faciendis,
1550 1467 1872 1530 militibus
1928 1467 2175 1543 dandis,

56 1582 109 1622 ιε
139 1555 439 1640 pecuniis
503 1553 915 1638 pollicendis,
988 1559 1064 1618 ut
1128 1554 1197 1618 in
1262 1554 1538 1640 singulis
1605 1555 1862 1638 oppidis
1928 1555 2172 1619 curiam
2309 1626 2316 1630 ,

136 1643 370 1728 populi
435 1641 717 1707 Romani
775 1665 909 1707 non
962 1642 1390 1707 desideretis?
1490 1642 1827 1707 Laudandi
1887 1647 2043 1708 sunt
2097 1623 2287 1712 exffl)

136 1732 338 1796 huius
376 1730 620 1796 ordinis
659 1730 985 1794 sententia
1022 1729 1332 1816 Firmani,
1371 1730 1482 1815 qui
1508 1732 1834 1815 principes
1863 1732 2175 1814 pecuniae

137 1819 545 1904 pollicendae
573 1818 856 1901 fuerunt,
884 1819 1402 1903 respondendum
1429 1819 1784 1883 honorifice
1807 1824 1907 1883 est
1927 1818 2174 1882 Marru-

142 1908 328 1992 cim'S,
384 1907 496 1993 qui
550 1907 913 1994 ignominia
964 1909 1287 1973 notandos
1337 1911 1726 1972 censuerunt
1773 1929 1912 1992 eOS,
1959 1907 2015 1971 si
2063 1907 2169 1991 qui

57 2023 111 2063 κο
141 1997 453 2061 militiam
500 1996 1069 2082 supterfugissent.
1160 1996 1342 2061 Haec
1387 1996 1520 2059 iam
1566 2001 1711 2060 tota
1755 1995 1955 2060 Italia
2000 1997 2175 2060 fient.

138 2085 389 2170 Magna
424 2106 554 2168 pax
589 2084 884 2149 Antonio
922 2107 1070 2149 cum
1106 2085 1207 2168 iis,
1242 2086 1348 2149 his
1387 2084 1548 2149 item
1586 2106 1734 2148 cum
1772 2084 1905 2148 illo.
1996 2083 2174 2160 Quae

138 2176 365 2258 potest
410 2194 551 2236 esse
598 2174 808 2237 maior
836 2172 1218 2238 discordia?
1310 2172 1391 2236 In
1427 2172 1751 2237 discordia
1789 2177 2010 2236 autem
2046 2194 2172 2256 pax

142 2260 355 2325 civilis
404 2282 543 2325 esse
589 2261 769 2326 nullo
817 2266 1012 2345 pacto
1058 2265 1299 2345 potest.
1387 2259 1482 2326 Ut
1530 2261 1834 2325 omittam
1881 2261 2170 2325 multitu·
2193 2274 2268 2321 24

142 2350 389 2431 dinem,
443 2334 521 2413 L}
562 2348 847 2433 Visidio,
902 2350 1107 2434 equiti
1153 2349 1480 2431 Roman0‚
1533 2348 1785 2413 homini
1831 2348 1902 2413 in
1946 2348 2177 2433 primis

58 2463 113 2505 2⁵
145 2442 380 2502 ornato
438 2441 634 2520 atque
688 2438 966 2502 honesto
1024 2438 1275 2521 civique
1333 2460 1589 2521 semper
1645 2438 1938 2523 egregio,
1994 2438 2176 2502 cuius

144 2546 270 2611 ego
344 2526 651 2590 excubias
725 2530 792 2589 et
865 2526 1194 2589 custodias
1268 2526 1398 2590 mei
1464 2526 1699 2609 capitis
1767 2525 2045 2611 cognovi
2109 2526 2180 2589 in

145 2613 492 2678 consulatu
547 2634 719 2697 meo,
776 2612 891 2696 qui
947 2613 1193 2677 vicinos
1251 2635 1404 2677 suos
1458 2636 1590 2678 non
1648 2614 2029 2678 cohortatus
2077 2618 2180 2677 est

146 2701 387 2785 solum,
432 2706 509 2765 ut
554 2701 798 2766 milites
845 2702 1103 2783 fierent,
1161 2702 1272 2764 sed
1321 2701 1522 2765 etiam
1567 2701 1993 2766 facultatibus
2043 2701 2178 2765 suis

146 2789 540 2871 sublevavit,
584 2789 755 2871 huic,
800 2789 1084 2873 inquam,
1132 2789 1252 2852 tali
1299 2790 1458 2872 viro,
1507 2810 1700 2873 quem
1743 2811 1864 2853 nos
1913 2792 2178 2853 senatus

61 2905 117 2943 30
147 2878 446 2942 consulto
506 2877 891 2941 conlaudare
945 2877 1279 2960 debemus,
1334 2878 1661 2961 poteritne
1719 2898 1859 2941 esse
1907 2879 2177 2959 pacatus

143 2966 519 3031 Antonius?
612 2964 826 3041 Quid?
882 2963 951 3030 O.
999 2963 1289 3048 Caesari,
1346 2965 1458 3048 qui
1505 2966 1693 3029 illum
1737 2965 1924 3047 urbe,
1980 2964 2179 3047 quid‘?

142 3053 224 3120 D.
279 3052 518 3136 Bruto,
586 3053 697 3136 qui
754 3051 969 3116 Gallia
1030 3053 1413 3136 prohibuit?
1506 3052 1648 3116 Iam
1703 3074 1856 3116 vero
1912 3052 2052 3134 ipse
2109 3074 2176 3116 se
2197 3060 2274 3112 22>

143 3142 437 3225 placabit
493 3146 559 3205 et
605 3141 805 3205 leniet
850 3141 1222 3224 provinciae
1272 3139 1555 3225 Galliae,
1610 3162 1826 3223 asqua
1871 3140 2178 3223 expulsus

146 3236 213 3294 et
259 3228 637 3312 repudiatus
676 3229 819 3293 est?
904 3228 1139 3293 Omnia
1176 3229 1502 3312 videbitis,
1547 3232 1768 3312 patres
1810 3228 2181 3311 conscripti,

62 3342 115 3384 85
143 3317 275 3381 nisi
320 3316 716 3400 prospicitiS‚
751 3318 945 3400 plena
984 3317 1301 3403 odiorum,
1345 3318 1540 3401 plena
1576 3316 2063 3398 discordiarum,
2103 3338 2180 3380 ex

147 3406 383 3490 quibus
442 3404 742 3469 oriuntur
799 3406 971 3468 bella
1026 3405 1261 3470 civilia.
1352 3404 1580 3470 Nolite
1636 3406 1841 3490 igitur
1884 3404 1951 3468 id
1998 3405 2181 3488 velle,

146 3494 319 3578 quod
364 3493 505 3557 fieri
551 3514 680 3557 non
721 3497 959 3577 potest,
1007 3498 1074 3558 et
1113 3498 1352 3577 cavete,
1398 3515 1515 3575 per
1553 3493 1707 3558 deos
1745 3493 2182 3558 immortales!
