2550 3875
843 187 999 244 OAP.
1037 193 1176 242 3——5
1212 195 1244 254 ξ
1283 194 1473 242 ’1--14,
2035 187 2165 251 335

271 348 520 434 Arguis
588 347 921 414 fatentem.
1031 348 1184 414 Non
1247 354 1351 413 est
1414 349 1604 434 satis3
1668 370 1932 414 accusas
1998 371 2164 432 eum,

130 437 245 521 qui
300 458 564 502 causam
617 437 820 502 habet
867 440 1009 521 aut,
1062 440 1140 500 ut
1183 457 1307 522 ego
1352 437 1527 521 dico,
1581 437 1918 502 meliorem
1966 457 2162 519 quam

128 531 204 590 tu
232 529 367 609 aut,
402 529 481 590 ut
506 529 584 589 tu
607 525 726 608 118,
761 546 1003 609 parem.
1071 523 1254 590 Haec
1284 525 1709 609 admirabilia,
1738 525 1850 590 scd
1876 524 2159 610 prodigii
2182 535 2245 583 11

131 612 347 678 simile
413 617 541 698 est,
605 612 779 696 quod
841 612 1069 678 dicam.
1171 611 1326 678 Non
1385 613 1586 677 habet
1645 635 1788 677 eam
1842 613 1976 678 vim
2030 613 2163 678 ista

81 721 99 760 ε
131 701 483 784 accusatio,
527 704 602 767 ut
641 700 716 777 Q.
753 700 1056 786 Ligarius
1094 701 1575 784 condemnetur,
1618 702 1731 766 sed
1765 705 1842 765 ut
1876 704 2159 766 necetur.

128 789 276 856 Hoc
332 790 472 875 egit
527 789 684 855 civis
743 787 1079 854 Romanus
1135 792 1287 854 ante
1341 792 1409 852 te
1462 810 1682 873 nem03
1740 789 1991 854 externi
2043 789 2160 853 isti

129 899 346 943 mores
397 880 626 961 [usque
673 877 756 942 ad
813 877 1195 963 sanguinem
1248 877 1510 942 incitari
1560 876 1773 941 solent
1820 877 1995 958 odio]
2045 882 2160 942 aut

128 965 376 1031 levium
417 963 818 1031 Graecorum
873 968 986 1030 aut
1040 965 1403 1030 inmanium
1455 964 1901 1029 barbarorum.
1986 963 2161 1028 Nam

131 1054 290 1137 quid
335 1053 477 1154 agis
523 1053 743 1119 aliud?
833 1051 1081 1118 Romae
1123 1075 1207 1118 ne
1255 1053 1371 1136 sit,
1425 1057 1503 1117 ut
1548 1053 1739 1117 domo
1786 1055 2031 1134 careat,
2078 1074 2161 1116 ne

41 1160 104 1198 10
133 1163 286 1206 cum
331 1141 600 1224 optimis
643 1141 978 1242 fratribus,
1019 1163 1103 1206 ne
1150 1161 1299 1206 cum
1342 1141 1468 1206 hoc
1512 1140 1583 1205 Τ.
1628 1139 1925 1205 Broccho
1969 1160 2161 1203 avun-

130 1230 309 1311 culo,
362 1250 445 1294 ne
492 1251 642 1294 cum
685 1229 825 1294 eius
870 1229 1009 1295 filio
1057 1229 1447 1294 consobrino
1494 1250 1640 1312 suc,
1693 1249 1775 1292 ne
1818 1227 2161 1292 nobiscum

128 1318 330 1400 vivat,
373 1339 455 1382 ne
504 1317 594 1382 sit
636 1317 709 1382 in
750 1317 1010 1401 patria?
1092 1315 1272 1382 Num
1316 1321 1437 1401 est,
1470 1338 1640 1380 num
1683 1319 1906 1400 potest
1950 1315 2161 1400 magis

131 1426 352 1470 carere
415 1405 520 1470 his
576 1404 907 1489 omnibus,
971 1426 1168 1488 quam
1223 1404 1446 1470 caret?
1510 1402 1708 1469 Italia
1758 1402 2163 1488 prohibetur,

133 1493 373 1558 exulat.
463 1492 619 1558 Non
662 1496 738 1558 tu
781 1514 938 1579 ergo
982 1493 1154 1558 hunc
1199 1493 1417 1577 patria
1460 1492 1741 1577 privare,
1792 1512 1922 1573 qua
1968 1494 2163 1574 caret,

47 1598 103 1639 15
134 1581 249 1645 scd
283 1581 423 1646 vita
459 1581 577 1646 118.
649 1579 744 1645 At
779 1581 959 1646 istud
983 1602 1065 1645 nc
1094 1581 1265 1665 apud
1294 1603 1441 1645 eum
1470 1580 1731 1664 quidem
1758 1579 2163 1662 dictatorem,
2186 1592 2250 1640 12

132 1670 247 1755 qui
304 1690 556 1752 omnes,
616 1690 778 1753 quos
835 1669 1086 1753 oderat,
1142 1673 1352 1733 morte
1409 1669 1761 1752 multabat,
1817 1667 2163 1751 quisquam

133 1758 275 1843 egit
319 1757 452 1822 isto
497 1756 708 1822 modo.
789 1755 940 1841 Ipse
985 1757 1254 1822 iubebat
1302 1756 1507 1822 occidi
1550 1756 1731 1820 nullo
1768 1756 2163 1839 postulante,

132 1845 444 1930 praemiis
505 1845 706 1910 etiam
758 1845 1111 1947 invitabat3
1175 1866 1340 1928 quae
1398 1848 1619 1909 tamen
1674 1843 2021 1908 crudelitas
2080 1843 2161 1906 ab

131 1933 263 2000 hoc
299 1934 526 2000 eodem
563 1933 816 2017 aliquot
854 1934 1038 1999 annis
1075 1936 1245 2018 post,
1290 1955 1483 2017 quem
1520 1935 1595 1997 tu
1630 1954 1801 1997 nunc
1840 1930 2163 1997 crudelem

51 2050 110 2089 20
135 2044 280 2087 esse
325 2023 444 2107 vis,
487 2022 816 2086 vindicata
861 2025 976 2086 est.
1060 2021 1227 2107 ‘Ego
1275 2043 1429 2086 vero
1477 2019 1654 2084 istud
1689 2041 1821 2085 non
1857 2018 2165 2120 postulo',
2184 2019 2227 2084 5

133 2110 410 2195 inquies.
493 2108 600 2174 Ita
643 2109 1006 2175 mehercule
1054 2110 1375 2193 existimo,
1422 2108 1699 2173 Tubero.
1780 2106 1956 2172 Novi
1993 2107 2165 2171 enim

135 2204 232 2283 te,
303 2198 460 2263 11011
525 2202 807 2282 patrem,
877 2198 1031 2262 novi
1092 2198 1359 2263 domum
1419 2216 1785 2279 nomenque
1847 2198 2166 2278 vestrum3

137 2287 358 2352 studia
393 2286 649 2372 generis
689 2308 763 2351 ac
800 2285 1084 2349 familiae
1112 2289 1367 2349 vestrae
1396 2284 1680 2367 virtutis,
1716 2283 2166 2366 humanitatiS,

137 2374 503 2458 doctrinae,
556 2374 986 2458 plurimarum
1036 2373 1276 2439 artium
1324 2377 1519 2456 atque
1567 2372 1964 2456 optimarum
2006 2375 2169 2436 nota

55 2489 109 2530 25
137 2463 305 2527 mihi
360 2468 515 2527 sunt
571 2462 803 2526 omnia.
893 2460 1125 2545 Itaque
1179 2464 1360 2525 certo
1417 2460 1553 2525 scio
1606 2481 1722 2523 vos
1768 2480 1900 2524 non
1944 2462 2165 2543 petere
2184 2472 2249 2518 13

139 2550 541 2636 sanguinem,
578 2550 691 2614 sed
694 2571 957 2650 ‘parum
993 2548 1348 2613 attenditis.
1422 2547 1552 2612 Res
1587 2548 1759 2611 enim
1787 2568 1863 2611 eo
1894 2551 2168 2631 spectat,

135 2643 216 2703 ut
269 2659 348 2703 ea
399 2658 636 2722 poena,
689 2637 760 2701 in
815 2659 946 2721 qua
997 2637 1207 2701 adhuc
1253 2634 1329 2711 Q.
1374 2634 1676 2735 Ligarius
1732 2635 1849 2719 sit,
1900 2655 2035 2698 non
2080 2634 2168 2698 11-

139 2726 424 2791 deamini
477 2746 618 2790 esse
674 2725 982 2789 contenti.
1080 2723 1260 2800 Quae
1314 2726 1415 2787 est
1467 2722 1674 2823 igitur
1729 2722 1859 2786 alia
1910 2726 2170 2805 praeter

139 2813 466 2878 mortem?
541 2811 613 2878 Si
647 2813 821 2877 enim
853 2811 998 2877 est
979 2834 1048 2875 111
1075 2811 1289 2893 exilio,
1327 2810 1520 2875 sicuti
1548 2815 1666 2893 est,
1705 2810 1861 2893 quid
1889 2808 2167 2891 amplius

59 2929 112 2968 ao
139 2900 541 2987 postulatis?
603 2922 689 2965 an
740 2922 822 2965 ne
866 2899 1291 2985 ignoscatur?
1352 2898 1499 2964 Hoc
1542 2918 1697 2963 vero
1743 2896 1951 2961 multo
1999 2915 2168 2959 acer-

140 2991 290 3055 bius
310 2988 648 3073 multoque
668 2991 772 3053 est
790 2988 1028 3053 durius.
1067 2986 1255 3064 Quod
1268 3006 1389 3051 nos
1414 2986 1641 3065 [domi]
1663 2984 1946 3068 petimus
1966 2983 2168 3065 preci-

141 3079 284 3163 bus,
330 3076 634 3155 lacrimis,
679 3077 872 3141 strati
918 3077 999 3140 ad
1033 3076 1247 3159 pedes,
1290 3095 1426 3138 non
1462 3078 1599 3138 tam
1634 3077 1900 3137 nostrae
1938 3090 2169 3135 causae

141 3166 416 3231 fidentes
484 3186 679 3248 quam
739 3164 934 3230 huius
989 3162 1411 3245 humanitati,
1474 3161 1541 3225 id
1593 3182 1675 3224 ne
1728 3160 2170 3243 impetremus,

145 3253 556 3339 oppugnabis
620 3256 687 3317 et
748 3252 820 3317 in
877 3255 1178 3317 nostrum
1231 3250 1462 3314 fletum
1523 3248 1853 3331 inrumpes
1918 3249 1987 3310 et
2047 3264 2168 3307 nos

63 3368 117 3409 35
144 3342 428 3407 iacentes
466 3341 547 3405 ad
581 3340 776 3424 pedes
815 3338 1182 3423 supplicum
1211 3358 1369 3403 voce
1395 3335 1821 3420 prohibebis?
1894 3331 1981 3417 Si,
2020 3354 2168 3397 cum
2190 3342 2257 3389 14

143 3432 272 3495 1100
307 3429 487 3494 (101111
521 3427 899 3505 faceremus,
941 3427 1112 3510 quod
1149 3430 1217 3489 et
1254 3425 1525 3489 fecimus
1564 3428 1648 3501 et,
1682 3428 1758 3487 ut
1795 3442 2004 3506 spem,
2038 3440 2172 3484 non

143 3518 396 3583 frustra
410 3516 701 3599 fecimus,
721 3518 800 3579 tu
818 3514 1118 3598 repente
1100 3513 1414 3578 mruisscs
1436 3515 1503 3577 et
1520 3512 1798 3575 clamare
1820 3508 2172 3592 coepisses.
