2550 3875
892 643 987 716 M.
1048 643 1338 715 TULLI
1395 643 1895 717 CICERONIS

372 824 483 908 IN
559 825 665 910 M.
724 823 1271 910 ANTONIUM
1336 823 1719 909 ORATIO
1783 824 2408 910 PHILIPPICA

1177 972 1587 1057 TERTIA.

1086 1303 1672 1365 ARGUMENTUM.

512 1455 587 1511 M.
634 1453 828 1510 Cicero
884 1471 950 1510 eo
996 1471 1171 1522 anno,
1225 1472 1337 1525 quo
1384 1456 1460 1512 M.
1506 1455 1786 1511 Antonius
1834 1457 2031 1510 consul
2075 1472 2196 1511 rem
2241 1457 2400 1526 publ.

369 1542 552 1596 paene
598 1526 750 1580 solus
797 1542 899 1579 suo
948 1525 1184 1580 arbitrio
1232 1526 1438 1596 gessit,
1483 1529 1859 1596 posteaquam
1895 1528 2149 1582 oratione
2185 1526 2401 1598 Philip

368 1597 501 1666 pica
542 1599 729 1666 prima
763 1595 884 1651 eius
922 1599 1157 1651 conatus
1193 1596 1552 1666 impugnavit
1587 1600 1647 1652 et
1681 1599 1937 1652 oratione
1974 1599 2181 1665 altera,
2229 1614 2399 1666 quam

371 1669 638 1737 scriptam
678 1667 874 1736 edidit,
913 1668 1033 1721 eius
1070 1667 1313 1722 consilia
1343 1685 1410 1722 ac
1436 1670 1684 1722 rationes
1711 1668 2024 1722 insectatus
2053 1671 2160 1738 est,
2197 1673 2400 1724 senatu

465 1738 692 1807 publico
730 1755 853 1793 sese
890 1738 1189 1806 abstinuit,
1226 1755 1355 1792 cum
1392 1740 1609 1794 interea
1643 1739 1721 1794 M.
1756 1741 2053 1807 Antonius,
2093 1711 2160 1794 C.
2195 1739 2402 1795 Caesar

370 1739 736 1877 Otctavianus‚
782 1808 856 1862 M.
894 1808 1101 1862 Brutus
1148 1782 1260 1863 sibi
1307 1824 1408 1863 suo
1445 1811 1682 1878 quisque
1717 1809 1956 1864 consilio
1993 1809 2186 1880 copias
2225 1813 2400 1878 atque

370 1897 505 1951 opes
548 1897 747 1951 parare
795 1881 1097 1934 studerent
1173 1879 1237 1932 ln
1285 1897 1494 1934 annum
1529 1880 1845 1951 proximum
1880 1881 1948 1934 A.
1985 1880 2205 1934 Hirtius
2243 1884 2303 1935 et
2340 1880 2398 1935 C.

372 1952 570 2006 Vibius
607 1952 792 2005 Pansa
827 1951 1084 2006 consules
1122 1950 1406 2020 designati
1445 1953 1634 2019 erant,
1681 1953 1778 2019 qui
1815 1967 1997 2006 annus
2030 1968 2159 2005 cum
2196 1968 2400 2021 appro-

367 2023 697 2092 pinquaret,
744 2022 805 2076 in
852 2038 902 2078 a.
941 2021 994 2077 d.
1043 2021 1173 2076 XIII
1208 2020 1334 2077 Kal.
1374 2022 1492 2077 Ian.
1529 2022 1745 2076 tribuni
1779 2022 1860 2091 p.l
1898 2026 2157 2076 senatum
2193 2038 2398 2078 convo-

370 2096 663 2160 caverunt,
718 2094 779 2147 et
835 2109 901 2148 ex
957 2092 1029 2146 iis
1083 2092 1143 2147 P.
1202 2092 1472 2146 Servilius
1523 2090 1700 2148 Casca
1751 2092 1992 2160 rettulit,
2047 2096 2114 2147 ut
2168 2097 2398 2147 senatus

370 2180 599 2234 operam
649 2136 839 2229 lim-et,
894 2165 960 2216 ut
1002 2162 1273 2216 Kalendis
1321 2162 1597 2216 Ianuariis
1653 2165 1778 2217 tuto
1833 2162 2091 2217 consules
2140 2168 2397 2218 senatum

370 2235 578 2289 habere
612 2236 861 2303 possent.
930 2232 1066 2287 Cum
1096 2232 1279 2287 Pansa
1317 2236 1376 2287 et
1403 2233 1637 2300 Hirtius,
1676 2250 1816 2301 quos
1853 2232 2096 2287 diximus
2136 2234 2396 2303 designa-

368 2307 459 2360 tos
497 2305 753 2359 consules
791 2303 979 2371 fuisse,
1017 2320 1131 2357 non
1170 2304 1450 2372 adessent,
1489 2304 1562 2359 M.
1595 2303 1787 2359 Cicero
1815 2304 2155 2358 sententiam
2182 2306 2395 2376 primus

370 2376 621 2443 rogatus,
658 2374 828 2440 hanc,
868 2382 1013 2441 quae
1049 2374 1196 2427 infra
1232 2374 1447 2443 scripta
1483 2376 1585 2441 est,
1624 2376 1934 2429 orationem
1968 2374 2188 2443 habuit,
2228 2392 2396 2443 quam

370 2445 708 2499 concludens
745 2444 1007 2498 hortatur
1041 2444 1300 2499 consules
1338 2445 1694 2514 designatos,
1743 2445 1881 2500 dent
1915 2461 2169 2516 operam,
2210 2449 2276 2500 ut
2313 2462 2394 2501 se-

369 2518 537 2570 natus
575 2513 845 2570 Kalendis
884 2514 1160 2569 Ianuariis
1197 2517 1322 2569 tuto
1360 2515 1558 2569 haberi
1594 2516 1791 2585 possit,
1828 2520 2125 2585 praeterea
2155 2489 2226 2571 D.
2257 2516 2394 2570 Bru·

368 2588 517 2651 tum,
556 2585 611 2641 C.
655 2587 949 2640 Caesarem
984 2585 1316 2655 laudandos,
1353 2588 1450 2654 qui
1487 2584 1563 2640 M.
1601 2586 1814 2641 Antoni
1851 2586 2102 2642 consiliis
2141 2586 2393 2642 obstitis-

370 2628 517 2723 sent:
549 2656 804 2727 legiones
832 2659 1021 2711 autem
1048 2656 1313 2711 Martiam
1350 2659 1409 2710 et
1438 2658 1714 2725 quartam,
1744 2673 1889 2725 quae
1918 2657 2118 2712 relicto
2149 2655 2393 2712 Antonio

371 2728 427 2783 C.
484 2727 774 2783 Caesarem
841 2732 1076 2809 secutae·
1132 2728 1344 2795 essent,
1409 2726 1716 2781 honoribus
1781 2728 2125 2783 adficiendas
2185 2731 2392 2783 censet.

370 2799 608 2854 Senatus
646 2797 963 2854 consultum
1000 2797 1205 2853 scimus
1241 2799 1303 2851 in
1331 2798 1672 2852 sententiam
1702 2798 1983 2854 Ciceronis
2010 2799 2227 2854 factum
2253 2814 2391 2854 esse.

313 3124 343 3186 Ῑ
504 3152 725 3219 Serius
764 3153 1047 3237 omnim,
1092 3156 1313 3236 patres
1352 3154 1722 3239 conscripti,
1768 3176 1965 3237 quam
2000 3158 2260 3238 tempus
2300 3155 2389 3218 rei

318 3212 344 3259 ¹
369 3241 667 3325 publicae
702 3242 1101 3325 postulabat,
1141 3241 1487 3324 aliquando
1527 3248 1747 3307 tamen
1784 3243 2122 3307 convocati
2152 3263 2389 3324 sumus,

369 3330 545 3412 quod
590 3328 971 3414 flagitabam
1016 3328 1314 3411 equidem
1364 3329 1618 3413 cotidie,
1666 3330 1905 3415 quippe
1953 3352 2102 3395 cum
2147 3331 2387 3395 bellum

368 3414 689 3479 nefarium
735 3420 964 3481 contra
1010 3437 1156 3479 aras
1204 3422 1272 3480 et
1317 3415 1517 3493 focos,
1565 3425 1794 3483 contra
1828 3419 2034 3483 vitam
2076 3418 2388 3484 fortunas-

372 3523 495 3580 que
540 3509 801 3568 nostras
848 3504 931 3567 ab
975 3503 1240 3567 homine
1283 3504 1633 3588 profligato
1672 3528 1746 3571 ac
1783 3508 2040 3589 perdito
2077 3528 2211 3573 non
2246 3528 2385 3573 con·
2415 3535 2439 3573 5
